<?xml version="1.0" encoding="UTF-8"?>
<!DOCTYPE html PUBLIC "-//W3C//DTD XHTML 1.0 Transitional//EN"
    "http://www.w3.org/TR/xhtml1/DTD/xhtml1-transitional.dtd">
<html xmlns="http://www.w3.org/1999/xhtml" xml:lang="en" lang="en">
 <head>
  <title>
</title>
<meta http-equiv="Content-Type" content="text/html;charset=utf-8" />
  <meta name='ocr-system' content='tesseract 3.04.00' />
  <meta name='ocr-capabilities' content='ocr_page ocr_carea ocr_par ocr_line ocrx_word'/>
</head>
<body>
  <div class='ocr_page' id='page_1' title='image "./ppapiniistatiie00ungegoog_0218.png"; bbox 0 0 3234 4967; ppageno 0'>
   <div class='ocr_carea' id='block_1_1' title="bbox 562 308 1970 404">
    <p class='ocr_par' dir='ltr' id='par_1_1' title="bbox 562 308 1970 404">
     <span class='ocr_line' id='line_1_1' title="bbox 562 308 1970 404; baseline -0.003 -9"><span class='ocrx_word' id='word_1_1' title='bbox 562 308 567 311; x_wconf 33' lang='grc'>-</span> <span class='ocrx_word' id='word_1_2' title='bbox 662 347 764 395; x_wconf 89' lang='grc'><strong>210</strong></span> <span class='ocrx_word' id='word_1_3' title='bbox 1489 341 1779 404; x_wconf 84' lang='lat' dir='ltr'><strong>Conjeet.</strong></span> <span class='ocrx_word' id='word_1_4' title='bbox 1818 340 1970 391; x_wconf 87' lang='lat' dir='ltr'><strong>X111.</strong></span> 
     </span>
    </p>
   </div>
   <div class='ocr_carea' id='block_1_2' title="bbox 665 508 2808 1167">
    <p class='ocr_par' dir='ltr' id='par_1_2' title="bbox 665 508 2808 999">
     <span class='ocr_line' id='line_1_2' title="bbox 667 508 2803 576; baseline -0.004 -9"><span class='ocrx_word' id='word_1_5' title='bbox 667 518 786 567; x_wconf 84' lang='grc' dir='ltr'><strong>16οε</strong></span> <span class='ocrx_word' id='word_1_6' title='bbox 828 515 1092 565; x_wconf 75' lang='lat' dir='ltr'><strong>vinclis:</strong></span> <span class='ocrx_word' id='word_1_7' title='bbox 1135 508 1382 576; x_wconf 89' lang='lat' dir='ltr'><strong>undis),</strong></span> <span class='ocrx_word' id='word_1_8' title='bbox 1434 513 1506 561; x_wconf 80' lang='lat' dir='ltr'><strong>ita</strong></span> <span class='ocrx_word' id='word_1_9' title='bbox 1560 513 1641 561; x_wconf 88' lang='lat' dir='ltr'><strong>hie</strong></span> <span class='ocrx_word' id='word_1_10' title='bbox 1695 512 2085 561; x_wconf 79' lang='lat' dir='ltr'><strong>describentium</strong></span> <span class='ocrx_word' id='word_1_11' title='bbox 2134 511 2341 576; x_wconf 84' lang='lat' dir='ltr'><strong>(parum</strong></span> <span class='ocrx_word' id='word_1_12' title='bbox 2388 512 2520 560; x_wconf 86' lang='lat' dir='ltr'><strong>enim</strong></span> <span class='ocrx_word' id='word_1_13' title='bbox 2566 510 2803 559; x_wconf 86' lang='lat' dir='ltr'><strong>differunt</strong></span> 
     </span>
     <span class='ocr_line' id='line_1_3' title="bbox 665 596 2806 659; baseline -0.004 -8"><span class='ocrx_word' id='word_1_14' title='bbox 665 602 850 651; x_wconf 71' lang='lat' dir='ltr'><strong>mildo</strong></span> <span class='ocrx_word' id='word_1_15' title='bbox 890 609 942 649; x_wconf 86' lang='lat' dir='ltr'><strong>et</strong></span> <span class='ocrx_word' id='word_1_16' title='bbox 975 596 1239 659; x_wconf 81' lang='lat' dir='ltr'><strong>vinclo)</strong></span> <span class='ocrx_word' id='word_1_17' title='bbox 1276 598 1481 647; x_wconf 84' lang='lat' dir='ltr'><strong>levitate</strong></span> <span class='ocrx_word' id='word_1_18' title='bbox 1505 597 1552 644; x_wconf 90' lang='lat' dir='ltr'><strong>id</strong></span> <span class='ocrx_word' id='word_1_19' title='bbox 1581 596 1770 645; x_wconf 79' lang='lat' dir='ltr'><strong>factum</strong></span> <span class='ocrx_word' id='word_1_20' title='bbox 1800 610 1928 657; x_wconf 78' lang='lat' dir='ltr'><strong>esse,</strong></span> <span class='ocrx_word' id='word_1_21' title='bbox 1965 598 2097 659; x_wconf 86' lang='lat' dir='ltr'><strong>quod</strong></span> <span class='ocrx_word' id='word_1_22' title='bbox 2125 596 2291 645; x_wconf 77' lang='lat' dir='ltr'><strong>fuerat</strong></span> <span class='ocrx_word' id='word_1_23' title='bbox 2326 596 2559 657; x_wconf 79' lang='lat' dir='ltr'><strong>vinclo,</strong></span> <span class='ocrx_word' id='word_1_24' title='bbox 2598 597 2806 645; x_wconf 84' lang='lat' dir='ltr'><strong>excisa</strong></span> 
     </span>
     <span class='ocr_line' id='line_1_4' title="bbox 668 679 2808 747; baseline -0.002 -13"><span class='ocrx_word' id='word_1_25' title='bbox 668 694 854 743; x_wconf 84' lang='lat' dir='ltr'><strong>autem,</strong></span> <span class='ocrx_word' id='word_1_26' title='bbox 892 685 1028 747; x_wconf 85' lang='lat' dir='ltr'><strong>quod</strong></span> <span class='ocrx_word' id='word_1_27' title='bbox 1065 683 1228 731; x_wconf 87' lang='lat' dir='ltr'><strong>suerat</strong></span> <span class='ocrx_word' id='word_1_28' title='bbox 1265 697 1526 731; x_wconf 84' lang='lat' dir='ltr'><strong>excussa</strong></span> <span class='ocrx_word' id='word_1_29' title='bbox 1565 681 1655 740; x_wconf 78' lang='lat' dir='ltr'><strong>(cf.</strong></span> <span class='ocrx_word' id='word_1_30' title='bbox 1696 679 1832 733; x_wconf 88' lang='lat' dir='ltr'><strong>Cort.</strong></span> <span class='ocrx_word' id='word_1_31' title='bbox 1871 681 2065 730; x_wconf 88' lang='lat' dir='ltr'><strong>Lucan.</strong></span> <span class='ocrx_word' id='word_1_32' title='bbox 2102 681 2295 733; x_wconf 83' lang='lat'><strong>11.437</strong></span> <span class='ocrx_word' id='word_1_33' title='bbox 2331 698 2381 745; x_wconf 86' lang='lat' dir='ltr'><strong>p.</strong></span> <span class='ocrx_word' id='word_1_34' title='bbox 2403 682 2516 731; x_wconf 82' lang='lat'><strong>263.</strong></span> <span class='ocrx_word' id='word_1_35' title='bbox 2578 682 2808 745; x_wconf 83' lang='lat' dir='ltr'><strong>Martyni</strong></span> 
     </span>
     <span class='ocr_line' id='line_1_5' title="bbox 671 765 2806 832; baseline -0.002 -15"><span class='ocrx_word' id='word_1_36' title='bbox 671 798 734 806; x_wconf 88' lang='lat'><em>—</em></span> <span class='ocrx_word' id='word_1_37' title='bbox 773 769 901 831; x_wconf 82' lang='lat' dir='ltr'><strong>Lag.</strong></span> <span class='ocrx_word' id='word_1_38' title='bbox 937 768 982 818; x_wconf 91' lang='grc' dir='ltr'><strong>Ι.</strong></span> <span class='ocrx_word' id='word_1_39' title='bbox 1023 770 1120 817; x_wconf 86' lang='grc'><strong>119</strong></span> <span class='ocrx_word' id='word_1_40' title='bbox 1157 785 1205 832; x_wconf 87' lang='lat' dir='ltr'><strong>p.</strong></span> <span class='ocrx_word' id='word_1_41' title='bbox 1228 770 1310 817; x_wconf 84' lang='lat'><strong>41.</strong></span> <span class='ocrx_word' id='word_1_42' title='bbox 1363 766 1589 817; x_wconf 82' lang='lat' dir='ltr'><strong>Martial.</strong></span> <span class='ocrx_word' id='word_1_43' title='bbox 1628 766 1751 815; x_wconf 88' lang='lat' dir='ltr'><strong>XII.</strong></span> <span class='ocrx_word' id='word_1_44' title='bbox 1792 767 1872 826; x_wconf 85' lang='lat'><strong>14,</strong></span> <span class='ocrx_word' id='word_1_45' title='bbox 1908 766 1941 823; x_wconf 61' lang='lat'><strong>,4</strong></span> <span class='ocrx_word' id='word_1_46' title='bbox 1977 765 2181 814; x_wconf 84' lang='lat' dir='ltr'><strong>Thuan.</strong></span> <span class='ocrx_word' id='word_1_47' title='bbox 2220 780 2491 819; x_wconf 74' lang='lat' dir='ltr'><strong>excusus,</strong></span> <span class='ocrx_word' id='word_1_48' title='bbox 2528 766 2806 824; x_wconf 78' lang='lat' dir='ltr'><strong>VI1.27,6</strong></span> 
     </span>
     <span class='ocr_line' id='line_1_6' title="bbox 670 848 2807 913; baseline -0.002 -10"><span class='ocrx_word' id='word_1_49' title='bbox 670 855 842 903; x_wconf 86' lang='lat' dir='ltr'><strong>Berol.</strong></span> <span class='ocrx_word' id='word_1_50' title='bbox 889 853 1154 901; x_wconf 77' lang='lat' dir='ltr'><strong>excisso.</strong></span> <span class='ocrx_word' id='word_1_51' title='bbox 1227 850 1434 900; x_wconf 85' lang='lat' dir='ltr'><strong>Arator.</strong></span> <span class='ocrx_word' id='word_1_52' title='bbox 1471 848 1591 899; x_wconf 85' lang='lat' dir='ltr'><strong>Aet.</strong></span> <span class='ocrx_word' id='word_1_53' title='bbox 1626 848 1801 913; x_wconf 82' lang='lat' dir='ltr'><strong>Apost.</strong></span> <span class='ocrx_word' id='word_1_54' title='bbox 1840 851 1883 899; x_wconf 87' lang='lat'><strong>1.</strong></span> <span class='ocrx_word' id='word_1_55' title='bbox 1920 852 2020 900; x_wconf 85' lang='lat'><strong>334</strong></span> <span class='ocrx_word' id='word_1_56' title='bbox 2062 848 2303 903; x_wconf 81' lang='lat' dir='ltr'><strong>Cantabr.</strong></span> <span class='ocrx_word' id='word_1_57' title='bbox 2353 848 2663 913; x_wconf 78' lang='lat' dir='ltr'><strong>succisso).</strong></span> <span class='ocrx_word' id='word_1_58' title='bbox 2734 849 2807 899; x_wconf 89' lang='lat' dir='ltr'><strong>Ut</strong></span> 
     </span>
     <span class='ocr_line' id='line_1_7' title="bbox 668 933 2182 999; baseline -0.003 -12"><span class='ocrx_word' id='word_1_59' title='bbox 668 938 912 987; x_wconf 78' lang='lat' dir='ltr'><strong>facillime</strong></span> <span class='ocrx_word' id='word_1_60' title='bbox 948 950 1282 999; x_wconf 75' lang='lat' dir='ltr'><strong>agnoscamus</strong></span> <span class='ocrx_word' id='word_1_61' title='bbox 1317 936 1445 983; x_wconf 88' lang='lat' dir='ltr'><strong>haec</strong></span> <span class='ocrx_word' id='word_1_62' title='bbox 1481 935 1547 983; x_wconf 87' lang='lat' dir='ltr'><strong>ab</strong></span> <span class='ocrx_word' id='word_1_63' title='bbox 1583 934 1695 997; x_wconf 83' lang='lat' dir='ltr'><strong>ipso</strong></span> <span class='ocrx_word' id='word_1_64' title='bbox 1733 941 1889 997; x_wconf 85' lang='lat' dir='ltr'><strong>poeta</strong></span> <span class='ocrx_word' id='word_1_65' title='bbox 1923 933 2182 997; x_wconf 82' lang='lat' dir='ltr'><strong>profecta:</strong></span> 
     </span>
    </p>

    <p class='ocr_par' dir='ltr' id='par_1_3' title="bbox 1006 1018 2489 1082">
     <span class='ocr_line' id='line_1_8' title="bbox 1006 1018 2489 1082; baseline -0.001 -13"><span class='ocrx_word' id='word_1_66' title='bbox 1006 1021 1244 1069; x_wconf 81' lang='lat' dir='ltr'><strong>Perdidit</strong></span> <span class='ocrx_word' id='word_1_67' title='bbox 1275 1034 1399 1067; x_wconf 87' lang='lat' dir='ltr'><strong>uno</strong></span> <span class='ocrx_word' id='word_1_68' title='bbox 1436 1033 1612 1068; x_wconf 86' lang='lat' dir='ltr'><strong>omnes</strong></span> <span class='ocrx_word' id='word_1_69' title='bbox 1650 1018 1830 1067; x_wconf 85' lang='lat' dir='ltr'><strong>orbata</strong></span> <span class='ocrx_word' id='word_1_70' title='bbox 1867 1033 2231 1082; x_wconf 76' lang='lat' dir='ltr'><strong>excussaque</strong></span> <span class='ocrx_word' id='word_1_71' title='bbox 2266 1018 2489 1067; x_wconf 82' lang='lat' dir='ltr'><strong>vinclo</strong></span> 
     </span>
    </p>

    <p class='ocr_par' dir='ltr' id='par_1_4' title="bbox 1007 1106 1298 1167">
     <span class='ocr_line' id='line_1_9' title="bbox 1007 1106 1298 1167; baseline -0.007 -13"><span class='ocrx_word' id='word_1_72' title='bbox 1007 1106 1298 1167; x_wconf 72' lang='lat' dir='ltr'>Indigenas,</span> 
     </span>
    </p>
   </div>
   <div class='ocr_carea' id='block_1_3' title="bbox 651 1186 2807 1257">
    <p class='ocr_par' dir='ltr' id='par_1_5' title="bbox 651 1186 2807 1257">
     <span class='ocr_line' id='line_1_10' title="bbox 651 1186 2807 1257; baseline -0.003 -15"><span class='ocrx_word' id='word_1_73' title='bbox 651 1190 756 1257; x_wconf 76' lang='lat' dir='ltr'><strong>¹(ef.</strong></span> <span class='ocrx_word' id='word_1_74' title='bbox 794 1203 845 1242; x_wconf 86' lang='lat' dir='ltr'><strong>et</strong></span> <span class='ocrx_word' id='word_1_75' title='bbox 879 1192 1043 1241; x_wconf 84' lang='lat' dir='ltr'><strong>adnot.</strong></span> <span class='ocrx_word' id='word_1_76' title='bbox 1084 1190 1262 1252; x_wconf 84' lang='lat' dir='ltr'><strong>Eelog.</strong></span> <span class='ocrx_word' id='word_1_77' title='bbox 1302 1204 1350 1239; x_wconf 83' lang='lat' dir='ltr'><strong>v.</strong></span> <span class='ocrx_word' id='word_1_78' title='bbox 1385 1190 1451 1238; x_wconf 85' lang='lat'><strong>46</strong></span> <span class='ocrx_word' id='word_1_79' title='bbox 1488 1198 1538 1237; x_wconf 89' lang='lat' dir='ltr'><strong>et</strong></span> <span class='ocrx_word' id='word_1_80' title='bbox 1576 1188 1810 1252; x_wconf 84' lang='lat' dir='ltr'><strong>Conjeet‚</strong></span> <span class='ocrx_word' id='word_1_81' title='bbox 1850 1186 2034 1253; x_wconf 85' lang='lat' dir='ltr'>XIV),</span> <span class='ocrx_word' id='word_1_82' title='bbox 2079 1204 2191 1237; x_wconf 86' lang='lat' dir='ltr'><strong>cum</strong></span> <span class='ocrx_word' id='word_1_83' title='bbox 2230 1204 2334 1253; x_wconf 84' lang='lat' dir='ltr'><strong>qua</strong></span> <span class='ocrx_word' id='word_1_84' title='bbox 2381 1189 2635 1239; x_wconf 87' lang='lat' dir='ltr'><strong>sententia</strong></span> <span class='ocrx_word' id='word_1_85' title='bbox 2672 1202 2807 1237; x_wconf 85' lang='lat' dir='ltr'><strong>com-</strong></span> 
     </span>
    </p>
   </div>
   <div class='ocr_carea' id='block_1_4' title="bbox 669 1272 2808 1425">
    <p class='ocr_par' dir='ltr' id='par_1_6' title="bbox 669 1272 2808 1425">
     <span class='ocr_line' id='line_1_11' title="bbox 669 1272 2808 1343; baseline -0.003 -16"><span class='ocrx_word' id='word_1_86' title='bbox 669 1279 840 1343; x_wconf 83' lang='lat' dir='ltr'><strong>parari</strong></span> <span class='ocrx_word' id='word_1_87' title='bbox 877 1281 1276 1325; x_wconf 81' lang='lat' dir='ltr'><strong>consentaneum</strong></span> <span class='ocrx_word' id='word_1_88' title='bbox 1303 1280 1379 1321; x_wconf 88' lang='lat' dir='ltr'><strong>cst</strong></span> <span class='ocrx_word' id='word_1_89' title='bbox 1402 1272 1670 1323; x_wconf 85' lang='lat' dir='ltr'><strong>Valerium</strong></span> <span class='ocrx_word' id='word_1_90' title='bbox 1696 1274 1937 1324; x_wconf 76' lang='lat' dir='ltr'><strong>Flaccum</strong></span> <span class='ocrx_word' id='word_1_91' title='bbox 1958 1272 2025 1327; x_wconf 81' lang='lat' dir='ltr'><strong>II,</strong></span> <span class='ocrx_word' id='word_1_92' title='bbox 2049 1276 2175 1325; x_wconf 82' lang='lat'><strong>399:</strong></span> <span class='ocrx_word' id='word_1_93' title='bbox 2214 1275 2461 1323; x_wconf 76' lang='lat' dir='ltr'><strong>thalamos</strong></span> <span class='ocrx_word' id='word_1_94' title='bbox 2497 1287 2769 1321; x_wconf 84' lang='lat' dir='ltr'><strong>excussa</strong></span> <span class='ocrx_word' id='word_1_95' title='bbox 2786 1298 2808 1309; x_wconf 91' lang='lat'>-</span> 
     </span>
     <span class='ocr_line' id='line_1_12' title="bbox 673 1354 2807 1425; baseline -0.001 -14"><span class='ocrx_word' id='word_1_96' title='bbox 673 1378 772 1425; x_wconf 90' lang='lat' dir='ltr'><strong>que</strong></span> <span class='ocrx_word' id='word_1_97' title='bbox 811 1360 1024 1409; x_wconf 87' lang='lat' dir='ltr'><strong>vincla</strong></span> <span class='ocrx_word' id='word_1_98' title='bbox 1059 1360 1195 1423; x_wconf 87' lang='lat' dir='ltr'><strong>quod</strong></span> <span class='ocrx_word' id='word_1_99' title='bbox 1231 1374 1384 1408; x_wconf 84' lang='lat' dir='ltr'><strong>ausae</strong></span> <span class='ocrx_word' id='word_1_100' title='bbox 1420 1359 1689 1410; x_wconf 86' lang='lat' dir='ltr'><strong>Induere.“</strong></span> <span class='ocrx_word' id='word_1_101' title='bbox 1766 1354 1943 1408; x_wconf 86' lang='lat' dir='ltr'><strong>Heins.</strong></span> <span class='ocrx_word' id='word_1_102' title='bbox 1976 1356 2245 1409; x_wconf 74' lang='lat' dir='ltr'><strong>claudian.</strong></span> <span class='ocrx_word' id='word_1_103' title='bbox 2272 1360 2331 1408; x_wconf 90' lang='lat' dir='ltr'><strong>B.</strong></span> <span class='ocrx_word' id='word_1_104' title='bbox 2360 1357 2475 1409; x_wconf 85' lang='lat' dir='ltr'><strong>Get.</strong></span> <span class='ocrx_word' id='word_1_105' title='bbox 2502 1358 2598 1407; x_wconf 82' lang='lat'><strong>311</strong></span> <span class='ocrx_word' id='word_1_106' title='bbox 2626 1374 2674 1421; x_wconf 83' lang='lat' dir='ltr'><strong>p.</strong></span> <span class='ocrx_word' id='word_1_107' title='bbox 2692 1356 2807 1409; x_wconf 81' lang='lat'><strong>452.</strong></span> 
     </span>
    </p>
   </div>
   <div class='ocr_carea' id='block_1_5' title="bbox 671 1438 2893 1508">
    <p class='ocr_par' dir='ltr' id='par_1_7' title="bbox 671 1438 2893 1508">
     <span class='ocr_line' id='line_1_13' title="bbox 671 1438 2893 1508; baseline -0.003 -11"><span class='ocrx_word' id='word_1_108' title='bbox 671 1445 1003 1497; x_wconf 82' lang='lat' dir='ltr'><strong>Laetantii</strong></span> <span class='ocrx_word' id='word_1_109' title='bbox 1042 1452 1210 1493; x_wconf 85' lang='lat' dir='ltr'><strong>autem</strong></span> <span class='ocrx_word' id='word_1_110' title='bbox 1248 1444 1405 1491; x_wconf 81' lang='lat' dir='ltr'><strong>verba</strong></span> <span class='ocrx_word' id='word_1_111' title='bbox 1444 1459 1488 1491; x_wconf 85' lang='lat' dir='ltr'><strong>v.</strong></span> <span class='ocrx_word' id='word_1_112' title='bbox 1527 1446 1657 1495; x_wconf 85' lang='lat'>306:</span> <span class='ocrx_word' id='word_1_113' title='bbox 1696 1451 1821 1493; x_wconf 87' lang='lat' dir='ltr'><strong>nota</strong></span> <span class='ocrx_word' id='word_1_114' title='bbox 1856 1441 1975 1508; x_wconf 81' lang='lat' dir='ltr'><strong>situ)</strong></span> <span class='ocrx_word' id='word_1_115' title='bbox 2028 1446 2323 1508; x_wconf 84' lang='lat' dir='ltr'><strong>corporis</strong></span> <span class='ocrx_word' id='word_1_116' title='bbox 2372 1442 2587 1492; x_wconf 86' lang='lat' dir='ltr'><strong>nobilis“</strong></span> <span class='ocrx_word' id='word_1_117' title='bbox 2640 1438 2807 1501; x_wconf 83' lang='lat' dir='ltr'><strong>(codd.</strong></span> <span class='ocrx_word' id='word_1_118' title='bbox 2888 1443 2893 1447; x_wconf 72' lang='grc'><strong>“</strong></span> 
     </span>
    </p>
   </div>
   <div class='ocr_carea' id='block_1_6' title="bbox 672 1527 2821 3460">
    <p class='ocr_par' dir='ltr' id='par_1_8' title="bbox 672 1527 2813 1762">
     <span class='ocr_line' id='line_1_14' title="bbox 672 1527 2809 1593; baseline -0.005 -11"><span class='ocrx_word' id='word_1_119' title='bbox 672 1533 848 1583; x_wconf 90' lang='lat' dir='ltr'><strong>Barth.</strong></span> <span class='ocrx_word' id='word_1_120' title='bbox 898 1531 1132 1582; x_wconf 79' lang='lat' dir='ltr'><strong>Menace.</strong></span> <span class='ocrx_word' id='word_1_121' title='bbox 1187 1529 1506 1593; x_wconf 86' lang='lat' dir='ltr'><strong>temporis</strong></span> <span class='ocrx_word' id='word_1_122' title='bbox 1559 1528 1623 1577; x_wconf 79' lang='lat' dir='ltr'><strong>ef.</strong></span> <span class='ocrx_word' id='word_1_123' title='bbox 1674 1527 1819 1581; x_wconf 81' lang='lat' dir='ltr'><strong>Ovid,</strong></span> <span class='ocrx_word' id='word_1_124' title='bbox 1869 1529 1995 1578; x_wconf 83' lang='lat' dir='ltr'><strong>Met.</strong></span> <span class='ocrx_word' id='word_1_125' title='bbox 2031 1528 2130 1580; x_wconf 81' lang='lat' dir='ltr'><strong>XI.</strong></span> <span class='ocrx_word' id='word_1_126' title='bbox 2168 1530 2269 1579; x_wconf 80' lang='lat'><strong>639</strong></span> <span class='ocrx_word' id='word_1_127' title='bbox 2321 1529 2477 1591; x_wconf 82' lang='lat' dir='ltr'><strong>longo</strong></span> <span class='ocrx_word' id='word_1_128' title='bbox 2532 1539 2809 1589; x_wconf 87' lang='lat' dir='ltr'><strong>corpore.</strong></span> 
     </span>
     <span class='ocr_line' id='line_1_15' title="bbox 673 1609 2813 1677; baseline -0.004 -11"><span class='ocrx_word' id='word_1_129' title='bbox 673 1618 822 1670; x_wconf 83' lang='lat' dir='ltr'><strong>codd,</strong></span> <span class='ocrx_word' id='word_1_130' title='bbox 876 1615 1050 1667; x_wconf 89' lang='lat' dir='ltr'><strong>Burm.</strong></span> <span class='ocrx_word' id='word_1_131' title='bbox 1105 1630 1154 1677; x_wconf 88' lang='lat' dir='ltr'><strong>p.</strong></span> <span class='ocrx_word' id='word_1_132' title='bbox 1194 1614 1292 1663; x_wconf 84' lang='grc'><strong>796</strong></span> <span class='ocrx_word' id='word_1_133' title='bbox 1345 1621 1652 1677; x_wconf 86' lang='lat' dir='ltr'><strong>tempore.</strong></span> <span class='ocrx_word' id='word_1_134' title='bbox 1735 1612 1871 1663; x_wconf 86' lang='lat' dir='ltr'><strong>Cort.</strong></span> <span class='ocrx_word' id='word_1_135' title='bbox 1922 1613 2111 1662; x_wconf 86' lang='lat' dir='ltr'><strong>Lucan.</strong></span> <span class='ocrx_word' id='word_1_136' title='bbox 2159 1613 2283 1662; x_wconf 91' lang='lat' dir='ltr'><strong>VII.</strong></span> <span class='ocrx_word' id='word_1_137' title='bbox 2330 1614 2431 1662; x_wconf 87' lang='grc'><strong>406</strong></span> <span class='ocrx_word' id='word_1_138' title='bbox 2475 1628 2526 1675; x_wconf 82' lang='lat' dir='ltr'><strong>p.</strong></span> <span class='ocrx_word' id='word_1_139' title='bbox 2563 1609 2689 1673; x_wconf 84' lang='lat'>204)</span> <span class='ocrx_word' id='word_1_140' title='bbox 2741 1610 2813 1659; x_wconf 89' lang='lat' dir='ltr'><strong>sie</strong></span> 
     </span>
     <span class='ocr_line' id='line_1_16' title="bbox 672 1698 1891 1762; baseline -0.002 -11"><span class='ocrx_word' id='word_1_141' title='bbox 672 1703 908 1751; x_wconf 85' lang='lat' dir='ltr'><strong>videntur</strong></span> <span class='ocrx_word' id='word_1_142' title='bbox 945 1698 1302 1749; x_wconf 83' lang='lat' dir='ltr'><strong>emaculanda:</strong></span> <span class='ocrx_word' id='word_1_143' title='bbox 1341 1698 1653 1762; x_wconf 76' lang='lat' dir='ltr'><strong>temperie</strong></span> <span class='ocrx_word' id='word_1_144' title='bbox 1690 1699 1891 1748; x_wconf 78' lang='lat' dir='ltr'><strong>nobilis.</strong></span> 
     </span>
    </p>

    <p class='ocr_par' dir='ltr' id='par_1_9' title="bbox 674 1780 2814 2018">
     <span class='ocr_line' id='line_1_17' title="bbox 810 1780 2811 1847; baseline -0.003 -12"><span class='ocrx_word' id='word_1_145' title='bbox 810 1786 918 1835; x_wconf 82' lang='lat' dir='ltr'><strong>Nee</strong></span> <span class='ocrx_word' id='word_1_146' title='bbox 948 1784 1137 1845; x_wconf 85' lang='lat' dir='ltr'><strong>justam</strong></span> <span class='ocrx_word' id='word_1_147' title='bbox 1175 1783 1240 1830; x_wconf 92' lang='lat' dir='ltr'><strong>ob</strong></span> <span class='ocrx_word' id='word_1_148' title='bbox 1279 1797 1482 1831; x_wconf 84' lang='lat' dir='ltr'><strong>causam</strong></span> <span class='ocrx_word' id='word_1_149' title='bbox 1520 1782 1584 1830; x_wconf 84' lang='lat' dir='ltr'><strong>ab</strong></span> <span class='ocrx_word' id='word_1_150' title='bbox 1624 1783 1805 1831; x_wconf 88' lang='lat' dir='ltr'><strong>eodem</strong></span> <span class='ocrx_word' id='word_1_151' title='bbox 1829 1782 2032 1832; x_wconf 86' lang='lat' dir='ltr'><strong>Kochio</strong></span> <span class='ocrx_word' id='word_1_152' title='bbox 2059 1799 2107 1847; x_wconf 83' lang='lat' dir='ltr'><strong>p.</strong></span> <span class='ocrx_word' id='word_1_153' title='bbox 2132 1786 2159 1831; x_wconf 85' lang='lat'>7</span> <span class='ocrx_word' id='word_1_154' title='bbox 2198 1782 2293 1831; x_wconf 88' lang='lat' dir='ltr'><strong>hoc</strong></span> <span class='ocrx_word' id='word_1_155' title='bbox 2321 1786 2635 1830; x_wconf 84' lang='lat' dir='ltr'><strong>commento:</strong></span> <span class='ocrx_word' id='word_1_156' title='bbox 2674 1780 2811 1844; x_wconf 88' lang='lat' dir='ltr'><strong>spi-</strong></span> 
     </span>
     <span class='ocr_line' id='line_1_18' title="bbox 674 1864 2814 1931; baseline -0.003 -11"><span class='ocrx_word' id='word_1_157' title='bbox 674 1871 898 1920; x_wconf 85' lang='lat' dir='ltr'><strong>rantia</strong></span> <span class='ocrx_word' id='word_1_158' title='bbox 935 1867 1246 1931; x_wconf 79' lang='lat' dir='ltr'><strong>(infantia</strong></span> <span class='ocrx_word' id='word_1_159' title='bbox 1283 1864 1524 1928; x_wconf 84' lang='lat' dir='ltr'><strong>Schrad.)</strong></span> <span class='ocrx_word' id='word_1_160' title='bbox 1562 1874 1809 1915; x_wconf 88' lang='lat' dir='ltr'><strong>mutatum</strong></span> <span class='ocrx_word' id='word_1_161' title='bbox 1847 1874 1951 1926; x_wconf 89' lang='lat' dir='ltr'><strong>est,</strong></span> <span class='ocrx_word' id='word_1_162' title='bbox 1994 1868 2131 1930; x_wconf 88' lang='lat' dir='ltr'><strong>quod</strong></span> <span class='ocrx_word' id='word_1_163' title='bbox 2168 1868 2219 1917; x_wconf 87' lang='lat' dir='ltr'><strong>in</strong></span> <span class='ocrx_word' id='word_1_164' title='bbox 2257 1867 2478 1929; x_wconf 83' lang='lat' dir='ltr'><strong>ejusdem</strong></span> <span class='ocrx_word' id='word_1_165' title='bbox 2516 1866 2631 1915; x_wconf 86' lang='lat' dir='ltr'>libri</span> <span class='ocrx_word' id='word_1_166' title='bbox 2667 1878 2814 1913; x_wconf 82' lang='lat' dir='ltr'><strong>versu</strong></span> 
     </span>
     <span class='ocr_line' id='line_1_19' title="bbox 678 1950 1025 2018; baseline -0.014 -13"><span class='ocrx_word' id='word_1_167' title='bbox 678 1956 778 2005; x_wconf 87' lang='grc'><strong>160</strong></span> <span class='ocrx_word' id='word_1_168' title='bbox 813 1950 1025 2018; x_wconf 86' lang='lat' dir='ltr'><strong>legitur:</strong></span> 
     </span>
    </p>

    <p class='ocr_par' dir='ltr' id='par_1_10' title="bbox 1220 2036 2243 2099">
     <span class='ocr_line' id='line_1_20' title="bbox 1220 2036 2243 2099; baseline 0.003 -15"><span class='ocrx_word' id='word_1_169' title='bbox 1220 2036 1492 2099; x_wconf 87' lang='lat' dir='ltr'><strong>accingunt</strong></span> <span class='ocrx_word' id='word_1_170' title='bbox 1529 2050 1641 2087; x_wconf 83' lang='lat' dir='ltr'><strong>sese</strong></span> <span class='ocrx_word' id='word_1_171' title='bbox 1678 2044 1731 2085; x_wconf 92' lang='lat' dir='ltr'><strong>et</strong></span> <span class='ocrx_word' id='word_1_172' title='bbox 1767 2037 2073 2087; x_wconf 85' lang='lat' dir='ltr'><strong>mirantia</strong></span> <span class='ocrx_word' id='word_1_173' title='bbox 2107 2038 2243 2087; x_wconf 85' lang='lat' dir='ltr'><strong>ferro</strong></span> 
     </span>
    </p>

    <p class='ocr_par' dir='ltr' id='par_1_11' title="bbox 980 2122 2484 2186">
     <span class='ocr_line' id='line_1_21' title="bbox 980 2122 2484 2186; baseline 0 -15"><span class='ocrx_word' id='word_1_174' title='bbox 980 2122 1200 2171; x_wconf 81' lang='lat' dir='ltr'><strong>Pectora</strong></span> <span class='ocrx_word' id='word_1_175' title='bbox 1236 2122 1594 2185; x_wconf 75' lang='lat' dir='ltr'><strong>congestisque</strong></span> <span class='ocrx_word' id='word_1_176' title='bbox 1631 2122 1807 2171; x_wconf 84' lang='lat' dir='ltr'><strong>avidae</strong></span> <span class='ocrx_word' id='word_1_177' title='bbox 1842 2122 1989 2172; x_wconf 85' lang='lat' dir='ltr'><strong>simul</strong></span> <span class='ocrx_word' id='word_1_178' title='bbox 2025 2122 2251 2186; x_wconf 88' lang='lat' dir='ltr'><strong>undique</strong></span> <span class='ocrx_word' id='word_1_179' title='bbox 2286 2122 2484 2173; x_wconf 76' lang='lat' dir='ltr'><strong>dextris</strong></span> 
     </span>
    </p>

    <p class='ocr_par' dir='ltr' id='par_1_12' title="bbox 675 2206 2821 3460">
     <span class='ocr_line' id='line_1_22' title="bbox 977 2206 1324 2271; baseline 0.003 -16"><span class='ocrx_word' id='word_1_180' title='bbox 977 2206 1324 2271; x_wconf 85' lang='lat' dir='ltr'><strong>Perfringunt.</strong></span> 
     </span>
     <span class='ocr_line' id='line_1_23' title="bbox 678 2290 2815 2356; baseline -0 -14"><span class='ocrx_word' id='word_1_181' title='bbox 678 2295 742 2342; x_wconf 90' lang='lat' dir='ltr'><strong>In</strong></span> <span class='ocrx_word' id='word_1_182' title='bbox 777 2294 911 2341; x_wconf 85' lang='lat' dir='ltr'><strong>hane</strong></span> <span class='ocrx_word' id='word_1_183' title='bbox 949 2290 1081 2341; x_wconf 85' lang='lat' dir='ltr'><strong>enim</strong></span> <span class='ocrx_word' id='word_1_184' title='bbox 1118 2292 1419 2341; x_wconf 86' lang='lat' dir='ltr'><strong>sententiam</strong></span> <span class='ocrx_word' id='word_1_185' title='bbox 1458 2293 1610 2341; x_wconf 79' lang='lat' dir='ltr'><strong>verba</strong></span> <span class='ocrx_word' id='word_1_186' title='bbox 1647 2304 1695 2342; x_wconf 92' lang='lat' dir='ltr'><strong>et</strong></span> <span class='ocrx_word' id='word_1_187' title='bbox 1732 2292 1991 2356; x_wconf 75' lang='lat' dir='ltr'><strong>colligenti</strong></span> <span class='ocrx_word' id='word_1_188' title='bbox 2030 2300 2083 2342; x_wconf 90' lang='lat' dir='ltr'><strong>et</strong></span> <span class='ocrx_word' id='word_1_189' title='bbox 2116 2293 2467 2356; x_wconf 72' lang='lat' dir='ltr'><strong>interpretanti</strong></span> <span class='ocrx_word' id='word_1_190' title='bbox 2506 2293 2654 2342; x_wconf 83' lang='lat' dir='ltr'><strong>mihi:</strong></span> <span class='ocrx_word' id='word_1_191' title='bbox 2694 2306 2815 2353; x_wconf 84' lang='lat' dir='ltr'><strong>„ac-</strong></span> 
     </span>
     <span class='ocr_line' id='line_1_24' title="bbox 677 2374 2815 2443; baseline -0 -17"><span class='ocrx_word' id='word_1_192' title='bbox 677 2380 888 2441; x_wconf 86' lang='lat' dir='ltr'><strong>cingunt</strong></span> <span class='ocrx_word' id='word_1_193' title='bbox 925 2391 1035 2425; x_wconf 85' lang='lat' dir='ltr'><strong>sese</strong></span> <span class='ocrx_word' id='word_1_194' title='bbox 1073 2383 1123 2423; x_wconf 92' lang='lat' dir='ltr'><strong>et</strong></span> <span class='ocrx_word' id='word_1_195' title='bbox 1158 2374 1291 2423; x_wconf 73' lang='lat' dir='ltr'><strong>ferro</strong></span> <span class='ocrx_word' id='word_1_196' title='bbox 1337 2376 1632 2439; x_wconf 80' lang='lat' dir='ltr'><strong>dextrisque</strong></span> <span class='ocrx_word' id='word_1_197' title='bbox 1681 2378 1914 2427; x_wconf 82' lang='lat' dir='ltr'><strong>mirantia</strong></span> <span class='ocrx_word' id='word_1_198' title='bbox 1960 2385 2174 2443; x_wconf 84' lang='lat' dir='ltr'><strong>pectora</strong></span> <span class='ocrx_word' id='word_1_199' title='bbox 2222 2376 2591 2441; x_wconf 82' lang='lat' dir='ltr'><strong>perfringunt“</strong></span> <span class='ocrx_word' id='word_1_200' title='bbox 2637 2376 2815 2426; x_wconf 82' lang='lat' dir='ltr'><strong>suffra-</strong></span> 
     </span>
     <span class='ocr_line' id='line_1_25' title="bbox 675 2460 2815 2528; baseline -0 -16"><span class='ocrx_word' id='word_1_201' title='bbox 675 2471 858 2528; x_wconf 78' lang='lat' dir='ltr'><strong>gantur</strong></span> <span class='ocrx_word' id='word_1_202' title='bbox 896 2469 949 2509; x_wconf 89' lang='lat' dir='ltr'><strong>et</strong></span> <span class='ocrx_word' id='word_1_203' title='bbox 993 2460 1197 2509; x_wconf 86' lang='lat' dir='ltr'><strong>codices</strong></span> <span class='ocrx_word' id='word_1_204' title='bbox 1245 2476 1419 2511; x_wconf 87' lang='lat' dir='ltr'><strong>omnes</strong></span> <span class='ocrx_word' id='word_1_205' title='bbox 1473 2473 1524 2510; x_wconf 89' lang='lat' dir='ltr'><strong>et</strong></span> <span class='ocrx_word' id='word_1_206' title='bbox 1560 2461 1878 2511; x_wconf 75' lang='lat' dir='ltr'><strong>scholiastae</strong></span> <span class='ocrx_word' id='word_1_207' title='bbox 1917 2463 2095 2514; x_wconf 87' lang='lat' dir='ltr'><strong>Barth.</strong></span> <span class='ocrx_word' id='word_1_208' title='bbox 2132 2478 2181 2525; x_wconf 88' lang='lat' dir='ltr'><strong>p.</strong></span> <span class='ocrx_word' id='word_1_209' title='bbox 2222 2462 2343 2512; x_wconf 80' lang='lat'>106:</span> <span class='ocrx_word' id='word_1_210' title='bbox 2402 2463 2588 2527; x_wconf 86' lang='lat' dir='ltr'><strong>„pueri</strong></span> <span class='ocrx_word' id='word_1_211' title='bbox 2640 2470 2815 2526; x_wconf 87' lang='lat' dir='ltr'><strong>pectus</strong></span> 
     </span>
     <span class='ocr_line' id='line_1_26' title="bbox 677 2545 2818 2609; baseline -0.001 -12"><span class='ocrx_word' id='word_1_212' title='bbox 677 2545 973 2599; x_wconf 85' lang='lat' dir='ltr'><strong>rescindunt</strong></span> <span class='ocrx_word' id='word_1_213' title='bbox 1025 2545 1347 2609; x_wconf 86' lang='lat' dir='ltr'><strong>stupentis</strong></span> <span class='ocrx_word' id='word_1_214' title='bbox 1400 2548 1464 2593; x_wconf 84' lang='lat' dir='ltr'><strong>ad</strong></span> <span class='ocrx_word' id='word_1_215' title='bbox 1510 2562 1698 2597; x_wconf 86' lang='lat' dir='ltr'><strong>novam</strong></span> <span class='ocrx_word' id='word_1_216' title='bbox 1737 2556 1787 2595; x_wconf 91' lang='lat' dir='ltr'><strong>et</strong></span> <span class='ocrx_word' id='word_1_217' title='bbox 1820 2548 2097 2596; x_wconf 77' lang='lat' dir='ltr'><strong>inauditam</strong></span> <span class='ocrx_word' id='word_1_218' title='bbox 2146 2548 2494 2597; x_wconf 81' lang='lat' dir='ltr'><strong>crudelitatem</strong></span> <span class='ocrx_word' id='word_1_219' title='bbox 2532 2548 2715 2596; x_wconf 90' lang='lat' dir='ltr'><strong>matris</strong></span> <span class='ocrx_word' id='word_1_220' title='bbox 2768 2555 2818 2595; x_wconf 89' lang='lat' dir='ltr'><strong>et</strong></span> 
     </span>
     <span class='ocr_line' id='line_1_27' title="bbox 679 2630 2817 2695; baseline -0.002 -12"><span class='ocrx_word' id='word_1_221' title='bbox 679 2638 1012 2694; x_wconf 84' lang='lat' dir='ltr'><strong>cognatarum</strong></span> <span class='ocrx_word' id='word_1_222' title='bbox 1050 2630 1331 2679; x_wconf 85' lang='lat' dir='ltr'><strong>mulierum.</strong></span> <span class='ocrx_word' id='word_1_223' title='bbox 1405 2632 1557 2681; x_wconf 84' lang='lat' dir='ltr'><strong>Pueri</strong></span> <span class='ocrx_word' id='word_1_224' title='bbox 1600 2632 1887 2681; x_wconf 88' lang='lat' dir='ltr'><strong>innocentis</strong></span> <span class='ocrx_word' id='word_1_225' title='bbox 1944 2633 2231 2681; x_wconf 86' lang='lat' dir='ltr'><strong>mirantis</strong></span> <span class='ocrx_word' id='word_1_226' title='bbox 2286 2647 2440 2695; x_wconf 87' lang='lat' dir='ltr'><strong>quare</strong></span> <span class='ocrx_word' id='word_1_227' title='bbox 2482 2634 2534 2681; x_wconf 90' lang='lat' dir='ltr'><strong>in</strong></span> <span class='ocrx_word' id='word_1_228' title='bbox 2582 2648 2636 2681; x_wconf 90' lang='lat' dir='ltr'><strong>se</strong></span> <span class='ocrx_word' id='word_1_229' title='bbox 2690 2633 2817 2680; x_wconf 86' lang='lat' dir='ltr'><strong>talia</strong></span> 
     </span>
     <span class='ocr_line' id='line_1_28' title="bbox 679 2714 2817 2783; baseline 0 -18"><span class='ocrx_word' id='word_1_230' title='bbox 679 2717 964 2783; x_wconf 86' lang='lat' dir='ltr'><strong>pararent“</strong></span> <span class='ocrx_word' id='word_1_231' title='bbox 1003 2724 1054 2764; x_wconf 90' lang='lat' dir='ltr'><strong>et</strong></span> <span class='ocrx_word' id='word_1_232' title='bbox 1089 2714 1498 2765; x_wconf 80' lang='lat' dir='ltr'><strong>Lactantius:</strong></span> <span class='ocrx_word' id='word_1_233' title='bbox 1546 2718 1644 2777; x_wconf 89' lang='lat' dir='ltr'><strong>„id</strong></span> <span class='ocrx_word' id='word_1_234' title='bbox 1684 2724 1765 2765; x_wconf 86' lang='lat' dir='ltr'><strong>est</strong></span> <span class='ocrx_word' id='word_1_235' title='bbox 1801 2717 2130 2765; x_wconf 79' lang='lat' dir='ltr'><strong>admiratione</strong></span> <span class='ocrx_word' id='word_1_236' title='bbox 2166 2717 2325 2779; x_wconf 86' lang='lat' dir='ltr'><strong>digna</strong></span> <span class='ocrx_word' id='word_1_237' title='bbox 2366 2725 2421 2765; x_wconf 87' lang='lat' dir='ltr'><strong>et</strong></span> <span class='ocrx_word' id='word_1_238' title='bbox 2466 2733 2596 2781; x_wconf 82' lang='lat' dir='ltr'><strong>quac</strong></span> <span class='ocrx_word' id='word_1_239' title='bbox 2646 2717 2735 2765; x_wconf 85' lang='lat' dir='ltr'><strong>nisi</strong></span> <span class='ocrx_word' id='word_1_240' title='bbox 2788 2732 2817 2765; x_wconf 83' lang='lat' dir='ltr'><strong>a</strong></span> 
     </span>
     <span class='ocr_line' id='line_1_29' title="bbox 681 2798 2817 2865; baseline -0.001 -14"><span class='ocrx_word' id='word_1_241' title='bbox 681 2802 871 2851; x_wconf 83' lang='lat' dir='ltr'><strong>talibus</strong></span> <span class='ocrx_word' id='word_1_242' title='bbox 908 2800 1152 2849; x_wconf 85' lang='lat' dir='ltr'><strong>matribus</strong></span> <span class='ocrx_word' id='word_1_243' title='bbox 1189 2799 1382 2849; x_wconf 78' lang='lat' dir='ltr'><strong>violare</strong></span> <span class='ocrx_word' id='word_1_244' title='bbox 1425 2799 1658 2863; x_wconf 81' lang='lat' dir='ltr'><strong>(violari</strong></span> <span class='ocrx_word' id='word_1_245' title='bbox 1697 2798 1899 2863; x_wconf 84' lang='lat' dir='ltr'><strong>Barth.)</strong></span> <span class='ocrx_word' id='word_1_246' title='bbox 1954 2801 2087 2851; x_wconf 78' lang='lat' dir='ltr'><strong>ferro</strong></span> <span class='ocrx_word' id='word_1_247' title='bbox 2141 2802 2311 2850; x_wconf 85' lang='lat' dir='ltr'><strong>nullus</strong></span> <span class='ocrx_word' id='word_1_248' title='bbox 2364 2800 2579 2865; x_wconf 90' lang='lat' dir='ltr'><strong>(nemo</strong></span> <span class='ocrx_word' id='word_1_249' title='bbox 2615 2802 2817 2865; x_wconf 77' lang='lat' dir='ltr'><strong>Barth.)</strong></span> 
     </span>
     <span class='ocr_line' id='line_1_30' title="bbox 679 2882 2815 2951; baseline 0 -16"><span class='ocrx_word' id='word_1_250' title='bbox 679 2887 934 2945; x_wconf 73' lang='lat' dir='ltr'><strong>videret‚“</strong></span> <span class='ocrx_word' id='word_1_251' title='bbox 982 2900 1113 2947; x_wconf 86' lang='lat' dir='ltr'><strong>quae</strong></span> <span class='ocrx_word' id='word_1_252' title='bbox 1149 2885 1304 2932; x_wconf 86' lang='lat' dir='ltr'><strong>verba</strong></span> <span class='ocrx_word' id='word_1_253' title='bbox 1341 2886 1591 2935; x_wconf 88' lang='lat' dir='ltr'><strong>communi</strong></span> <span class='ocrx_word' id='word_1_254' title='bbox 1632 2882 1955 2935; x_wconf 85' lang='lat' dir='ltr'><strong>librariorum</strong></span> <span class='ocrx_word' id='word_1_255' title='bbox 1992 2888 2239 2947; x_wconf 87' lang='lat' dir='ltr'><strong>omnium,</strong></span> <span class='ocrx_word' id='word_1_256' title='bbox 2288 2894 2639 2951; x_wconf 83' lang='lat' dir='ltr'><strong>praeterquam</strong></span> <span class='ocrx_word' id='word_1_257' title='bbox 2677 2888 2815 2950; x_wconf 89' lang='lat' dir='ltr'><strong>quod</strong></span> 
     </span>
     <span class='ocr_line' id='line_1_31' title="bbox 679 2970 2817 3034; baseline -0.001 -13"><span class='ocrx_word' id='word_1_258' title='bbox 679 2974 732 3021; x_wconf 88' lang='lat' dir='ltr'><strong>in</strong></span> <span class='ocrx_word' id='word_1_259' title='bbox 760 2972 1060 3021; x_wconf 76' lang='lat' dir='ltr'><strong>Monacensi</strong></span> <span class='ocrx_word' id='word_1_260' title='bbox 1084 2970 1134 3019; x_wconf 87' lang='lat' dir='ltr'>A</span> <span class='ocrx_word' id='word_1_261' title='bbox 1173 2972 1300 3019; x_wconf 83' lang='lat' dir='ltr'><strong>haec</strong></span> <span class='ocrx_word' id='word_1_262' title='bbox 1337 2971 1655 3034; x_wconf 80' lang='lat' dir='ltr'><strong>discrepant:</strong></span> <span class='ocrx_word' id='word_1_263' title='bbox 1694 2982 1825 3033; x_wconf 86' lang='lat' dir='ltr'><strong>qnae</strong></span> <span class='ocrx_word' id='word_1_264' title='bbox 1860 2971 1982 3019; x_wconf 84' lang='lat' dir='ltr'><strong>visi</strong></span> <span class='ocrx_word' id='word_1_265' title='bbox 2004 2998 2064 3007; x_wconf 93' lang='lat'><strong>-—</strong></span> <span class='ocrx_word' id='word_1_266' title='bbox 2086 2971 2255 3021; x_wconf 86' lang='lat' dir='ltr'><strong>nullus</strong></span> <span class='ocrx_word' id='word_1_267' title='bbox 2293 2972 2588 3032; x_wconf 86' lang='lat' dir='ltr'><strong>auderet‚“</strong></span> <span class='ocrx_word' id='word_1_268' title='bbox 2627 2972 2817 3033; x_wconf 82' lang='lat' dir='ltr'><strong>flagitio</strong></span> 
     </span>
     <span class='ocr_line' id='line_1_32' title="bbox 682 3053 2816 3120; baseline -0 -14"><span class='ocrx_word' id='word_1_269' title='bbox 682 3058 956 3120; x_wconf 82' lang='lat' dir='ltr'><strong>depravata</strong></span> <span class='ocrx_word' id='word_1_270' title='bbox 991 3055 1070 3105; x_wconf 88' lang='lat' dir='ltr'><strong>his</strong></span> <span class='ocrx_word' id='word_1_271' title='bbox 1107 3056 1284 3104; x_wconf 87' lang='lat' dir='ltr'><strong>videor</strong></span> <span class='ocrx_word' id='word_1_272' title='bbox 1318 3056 1554 3105; x_wconf 84' lang='lat' dir='ltr'><strong>remediis</strong></span> <span class='ocrx_word' id='word_1_273' title='bbox 1591 3070 1799 3105; x_wconf 84' lang='lat' dir='ltr'><strong>sanare:</strong></span> <span class='ocrx_word' id='word_1_274' title='bbox 1836 3056 1886 3103; x_wconf 84' lang='lat' dir='ltr'><strong>id</strong></span> <span class='ocrx_word' id='word_1_275' title='bbox 1926 3064 2003 3103; x_wconf 85' lang='lat' dir='ltr'><strong>est</strong></span> <span class='ocrx_word' id='word_1_276' title='bbox 2028 3053 2218 3119; x_wconf 87' lang='lat' dir='ltr'><strong>(pueri)</strong></span> <span class='ocrx_word' id='word_1_277' title='bbox 2256 3056 2528 3106; x_wconf 84' lang='lat' dir='ltr'><strong>admirati</strong></span> <span class='ocrx_word' id='word_1_278' title='bbox 2566 3070 2816 3116; x_wconf 86' lang='lat' dir='ltr'><strong>om·nes;</strong></span> 
     </span>
     <span class='ocr_line' id='line_1_33' title="bbox 683 3138 2818 3205; baseline -0 -14"><span class='ocrx_word' id='word_1_279' title='bbox 683 3143 962 3205; x_wconf 86' lang='lat' dir='ltr'><strong>signate,</strong></span> <span class='ocrx_word' id='word_1_280' title='bbox 1000 3143 1152 3205; x_wconf 85' lang='lat' dir='ltr'><strong>quia</strong></span> <span class='ocrx_word' id='word_1_281' title='bbox 1189 3138 1274 3203; x_wconf 85' lang='lat' dir='ltr'><strong>(cs.</strong></span> <span class='ocrx_word' id='word_1_282' title='bbox 1312 3141 1496 3193; x_wconf 76' lang='lat' dir='ltr'><strong>Electt.</strong></span> <span class='ocrx_word' id='word_1_283' title='bbox 1538 3156 1564 3189; x_wconf 89' lang='lat' dir='ltr'><strong>e</strong></span> <span class='ocrx_word' id='word_1_284' title='bbox 1601 3140 1747 3189; x_wconf 84' lang='lat' dir='ltr'><strong>Lact.</strong></span> <span class='ocrx_word' id='word_1_285' title='bbox 1788 3140 1983 3190; x_wconf 86' lang='lat' dir='ltr'><strong>Comm.</strong></span> <span class='ocrx_word' id='word_1_286' title='bbox 2020 3140 2061 3187; x_wconf 94' lang='lat' dir='ltr'><strong>I.</strong></span> <span class='ocrx_word' id='word_1_287' title='bbox 2087 3142 2179 3189; x_wconf 87' lang='lat'><strong>121</strong></span> <span class='ocrx_word' id='word_1_288' title='bbox 2223 3157 2268 3205; x_wconf 89' lang='lat' dir='ltr'><strong>p.</strong></span> <span class='ocrx_word' id='word_1_289' title='bbox 2292 3140 2383 3204; x_wconf 86' lang='lat'><strong>26)</strong></span> <span class='ocrx_word' id='word_1_290' title='bbox 2420 3141 2526 3189; x_wconf 80' lang='lat' dir='ltr'><strong>vix</strong></span> <span class='ocrx_word' id='word_1_291' title='bbox 2563 3158 2593 3189; x_wconf 83' lang='lat' dir='ltr'><strong>a</strong></span> <span class='ocrx_word' id='word_1_292' title='bbox 2629 3141 2818 3190; x_wconf 79' lang='lat' dir='ltr'><strong>talibus</strong></span> 
     </span>
     <span class='ocr_line' id='line_1_34' title="bbox 683 3224 2818 3290; baseline 0 -15"><span class='ocrx_word' id='word_1_293' title='bbox 683 3226 924 3275; x_wconf 86' lang='lat' dir='ltr'><strong>matribus</strong></span> <span class='ocrx_word' id='word_1_294' title='bbox 960 3226 1165 3275; x_wconf 84' lang='lat' dir='ltr'><strong>violari</strong></span> <span class='ocrx_word' id='word_1_295' title='bbox 1202 3224 1334 3275; x_wconf 77' lang='lat' dir='ltr'><strong>ferro</strong></span> <span class='ocrx_word' id='word_1_296' title='bbox 1370 3225 1689 3290; x_wconf 87' lang='lat' dir='ltr'><strong>puerulus</strong></span> <span class='ocrx_word' id='word_1_297' title='bbox 1725 3226 2109 3277; x_wconf 81' lang='lat' dir='ltr'><strong>videretur.“</strong></span> <span class='ocrx_word' id='word_1_298' title='bbox 2171 3228 2253 3275; x_wconf 92' lang='lat' dir='ltr'><strong>Ae</strong></span> <span class='ocrx_word' id='word_1_299' title='bbox 2288 3226 2539 3275; x_wconf 83' lang='lat' dir='ltr'><strong>simillime</strong></span> <span class='ocrx_word' id='word_1_300' title='bbox 2576 3226 2818 3276; x_wconf 84' lang='lat' dir='ltr'><strong>Claudia-</strong></span> 
     </span>
     <span class='ocr_line' id='line_1_35' title="bbox 682 3309 2821 3375; baseline -0.001 -13"><span class='ocrx_word' id='word_1_301' title='bbox 682 3329 776 3362; x_wconf 85' lang='lat' dir='ltr'><strong>nus</strong></span> <span class='ocrx_word' id='word_1_302' title='bbox 810 3312 872 3361; x_wconf 81' lang='lat' dir='ltr'><strong>R.</strong></span> <span class='ocrx_word' id='word_1_303' title='bbox 911 3313 1052 3360; x_wconf 85' lang='lat' dir='ltr'><strong>Pros.</strong></span> <span class='ocrx_word' id='word_1_304' title='bbox 1089 3309 1187 3359; x_wconf 88' lang='lat'><strong>111.</strong></span> <span class='ocrx_word' id='word_1_305' title='bbox 1215 3312 1337 3363; x_wconf 83' lang='lat'>129:</span> <span class='ocrx_word' id='word_1_306' title='bbox 1374 3310 1712 3374; x_wconf 81' lang='lat' dir='ltr'><strong>Injussaeque</strong></span> <span class='ocrx_word' id='word_1_307' title='bbox 1749 3324 1927 3359; x_wconf 85' lang='lat' dir='ltr'><strong>manus</strong></span> <span class='ocrx_word' id='word_1_308' title='bbox 1963 3311 2260 3360; x_wconf 82' lang='lat' dir='ltr'><strong>mirantia</strong></span> <span class='ocrx_word' id='word_1_309' title='bbox 2294 3320 2565 3375; x_wconf 88' lang='lat' dir='ltr'><strong>pectora</strong></span> <span class='ocrx_word' id='word_1_310' title='bbox 2599 3313 2821 3361; x_wconf 87' lang='lat' dir='ltr'><strong>tundunt</strong></span> 
     </span>
     <span class='ocr_line' id='line_1_36' title="bbox 683 3392 2819 3460; baseline 0 -15"><span class='ocrx_word' id='word_1_311' title='bbox 683 3396 746 3446; x_wconf 84' lang='lat' dir='ltr'><strong>cf.</strong></span> <span class='ocrx_word' id='word_1_312' title='bbox 787 3396 914 3446; x_wconf 84' lang='lat' dir='ltr'><strong>Stat.</strong></span> <span class='ocrx_word' id='word_1_313' title='bbox 952 3395 1118 3445; x_wconf 86' lang='lat' dir='ltr'><strong>Theb.</strong></span> <span class='ocrx_word' id='word_1_314' title='bbox 1159 3395 1280 3444; x_wconf 88' lang='lat' dir='ltr'><strong>VII.</strong></span> <span class='ocrx_word' id='word_1_315' title='bbox 1321 3396 1442 3445; x_wconf 82' lang='lat'>799:</span> <span class='ocrx_word' id='word_1_316' title='bbox 1481 3394 1909 3458; x_wconf 82' lang='lat' dir='ltr'><strong>Mirantesque</strong></span> <span class='ocrx_word' id='word_1_317' title='bbox 1952 3395 2165 3445; x_wconf 83' lang='lat' dir='ltr'><strong>inclinat</strong></span> <span class='ocrx_word' id='word_1_318' title='bbox 2212 3392 2459 3460; x_wconf 83' lang='lat' dir='ltr'><strong>equos.‘&#39;</strong></span> <span class='ocrx_word' id='word_1_319' title='bbox 2530 3396 2717 3447; x_wconf 90' lang='lat' dir='ltr'><strong>Boeth.</strong></span> <span class='ocrx_word' id='word_1_320' title='bbox 2754 3398 2819 3445; x_wconf 86' lang='lat' dir='ltr'><strong>de</strong></span> 
     </span>
    </p>
   </div>
   <div class='ocr_carea' id='block_1_7' title="bbox 587 3478 2819 3533">
    <p class='ocr_par' dir='ltr' id='par_1_13' title="bbox 587 3478 2819 3533">
     <span class='ocr_line' id='line_1_37' title="bbox 587 3478 2819 3533; baseline -0.001 -1"><span class='ocrx_word' id='word_1_321' title='bbox 587 3510 591 3514; x_wconf 92' lang='lat'>-</span> <span class='ocrx_word' id='word_1_322' title='bbox 684 3482 840 3533; x_wconf 62' lang='lat' dir='ltr'><strong>Consi.</strong></span> <span class='ocrx_word' id='word_1_323' title='bbox 879 3480 1010 3529; x_wconf 86' lang='lat' dir='ltr'><strong>Phil.</strong></span> <span class='ocrx_word' id='word_1_324' title='bbox 1049 3480 1092 3529; x_wconf 90' lang='lat'><strong>1.</strong></span> <span class='ocrx_word' id='word_1_325' title='bbox 1127 3478 1285 3529; x_wconf 85' lang='lat' dir='ltr'><strong>Metr.</strong></span> <span class='ocrx_word' id='word_1_326' title='bbox 1313 3478 1410 3529; x_wconf 88' lang='lat'><strong>111.</strong></span> <span class='ocrx_word' id='word_1_327' title='bbox 1443 3482 1531 3530; x_wconf 81' lang='lat'><strong>10:</strong></span> <span class='ocrx_word' id='word_1_328' title='bbox 1565 3480 1731 3529; x_wconf 87' lang='lat' dir='ltr'><strong>subito</strong></span> <span class='ocrx_word' id='word_1_329' title='bbox 1766 3481 1990 3531; x_wconf 81' lang='lat' dir='ltr'><strong>vibratus</strong></span> <span class='ocrx_word' id='word_1_330' title='bbox 2017 3482 2207 3530; x_wconf 87' lang='lat' dir='ltr'><strong>lumine</strong></span> <span class='ocrx_word' id='word_1_331' title='bbox 2234 3481 2471 3531; x_wconf 88' lang='lat' dir='ltr'><strong>Phoebus</strong></span> <span class='ocrx_word' id='word_1_332' title='bbox 2496 3484 2819 3531; x_wconf 82' lang='lat' dir='ltr'><strong>Mirantes</strong></span> 
     </span>
    </p>
   </div>
   <div class='ocr_carea' id='block_1_8' title="bbox 683 3562 2819 3709">
    <p class='ocr_par' dir='ltr' id='par_1_14' title="bbox 683 3562 2819 3709">
     <span class='ocr_line' id='line_1_38' title="bbox 683 3562 2819 3631; baseline -0 -15"><span class='ocrx_word' id='word_1_333' title='bbox 683 3567 912 3616; x_wconf 85' lang='lat' dir='ltr'><strong>oeulos</strong></span> <span class='ocrx_word' id='word_1_334' title='bbox 951 3564 1103 3615; x_wconf 81' lang='lat' dir='ltr'><strong>radiis</strong></span> <span class='ocrx_word' id='word_1_335' title='bbox 1139 3562 1304 3613; x_wconf 87' lang='lat' dir='ltr'><strong>ferit.“</strong></span> <span class='ocrx_word' id='word_1_336' title='bbox 1361 3564 1559 3614; x_wconf 85' lang='lat' dir='ltr'><strong>Paulin.</strong></span> <span class='ocrx_word' id='word_1_337' title='bbox 1599 3566 1664 3613; x_wconf 83' lang='lat' dir='ltr'><strong>de</strong></span> <span class='ocrx_word' id='word_1_338' title='bbox 1691 3565 1767 3616; x_wconf 89' lang='lat' dir='ltr'><strong>St.</strong></span> <span class='ocrx_word' id='word_1_339' title='bbox 1791 3564 1998 3616; x_wconf 81' lang='lat' dir='ltr'><strong>Joanne</strong></span> <span class='ocrx_word' id='word_1_340' title='bbox 2037 3583 2086 3631; x_wconf 86' lang='lat' dir='ltr'><strong>p.</strong></span> <span class='ocrx_word' id='word_1_341' title='bbox 2116 3566 2323 3620; x_wconf 83' lang='lat' dir='ltr'><strong>736.A:</strong></span> <span class='ocrx_word' id='word_1_342' title='bbox 2362 3568 2481 3617; x_wconf 87' lang='lat' dir='ltr'><strong>dum</strong></span> <span class='ocrx_word' id='word_1_343' title='bbox 2518 3569 2819 3631; x_wconf 80' lang='lat' dir='ltr'><strong>promissum</strong></span> 
     </span>
     <span class='ocr_line' id='line_1_39' title="bbox 683 3650 1691 3709; baseline -0.003 -9"><span class='ocrx_word' id='word_1_344' title='bbox 683 3651 1058 3700; x_wconf 77' lang='lat' dir='ltr'><strong>cunctantia</strong></span> <span class='ocrx_word' id='word_1_345' title='bbox 1095 3650 1291 3699; x_wconf 87' lang='lat' dir='ltr'><strong>corda</strong></span> <span class='ocrx_word' id='word_1_346' title='bbox 1326 3650 1608 3699; x_wconf 80' lang='lat' dir='ltr'><strong>volutant.“</strong></span> <span class='ocrx_word' id='word_1_347' title='bbox 1686 3702 1691 3709; x_wconf 51' lang='grc'><strong>,</strong></span> 
     </span>
    </p>
   </div>
   <div class='ocr_carea' id='block_1_9' title="bbox 683 3734 2822 4386">
    <p class='ocr_par' dir='ltr' id='par_1_15' title="bbox 683 3734 2822 4220">
     <span class='ocr_line' id='line_1_40' title="bbox 820 3734 2820 3801; baseline 0.001 -16"><span class='ocrx_word' id='word_1_348' title='bbox 820 3735 1145 3801; x_wconf 81' lang='lat' dir='ltr'><strong>Quamquam</strong></span> <span class='ocrx_word' id='word_1_349' title='bbox 1181 3734 1414 3785; x_wconf 84' lang='lat' dir='ltr'><strong>Kochius</strong></span> <span class='ocrx_word' id='word_1_350' title='bbox 1449 3736 1546 3785; x_wconf 87' lang='lat' dir='ltr'><strong>iste</strong></span> <span class='ocrx_word' id='word_1_351' title='bbox 1586 3736 1885 3800; x_wconf 85' lang='lat' dir='ltr'><strong>spirandi</strong></span> <span class='ocrx_word' id='word_1_352' title='bbox 1921 3737 2077 3786; x_wconf 80' lang='lat' dir='ltr'><strong>verbo</strong></span> <span class='ocrx_word' id='word_1_353' title='bbox 2115 3734 2279 3799; x_wconf 87' lang='lat' dir='ltr'><strong>(quod</strong></span> <span class='ocrx_word' id='word_1_354' title='bbox 2316 3738 2381 3786; x_wconf 85' lang='lat' dir='ltr'><strong>ab</strong></span> <span class='ocrx_word' id='word_1_355' title='bbox 2405 3737 2515 3801; x_wconf 87' lang='lat' dir='ltr'><strong>ipso</strong></span> <span class='ocrx_word' id='word_1_356' title='bbox 2541 3737 2705 3787; x_wconf 85' lang='lat' dir='ltr'><strong>Statio</strong></span> <span class='ocrx_word' id='word_1_357' title='bbox 2731 3753 2820 3801; x_wconf 88' lang='lat' dir='ltr'><strong>po-</strong></span> 
     </span>
     <span class='ocr_line' id='line_1_41' title="bbox 683 3818 2822 3885; baseline -0 -14"><span class='ocrx_word' id='word_1_358' title='bbox 683 3824 832 3871; x_wconf 88' lang='lat' dir='ltr'><strong>situm</strong></span> <span class='ocrx_word' id='word_1_359' title='bbox 869 3820 1028 3870; x_wconf 86' lang='lat' dir='ltr'><strong>Theb.</strong></span> <span class='ocrx_word' id='word_1_360' title='bbox 1068 3818 1162 3870; x_wconf 89' lang='lat' dir='ltr'><strong>IV.</strong></span> <span class='ocrx_word' id='word_1_361' title='bbox 1201 3820 1328 3871; x_wconf 80' lang='lat'>609:</span> <span class='ocrx_word' id='word_1_362' title='bbox 1374 3820 1672 3870; x_wconf 87' lang='lat' dir='ltr'><strong>Immortale</strong></span> <span class='ocrx_word' id='word_1_363' title='bbox 1708 3822 1879 3871; x_wconf 87' lang='lat' dir='ltr'><strong>odium</strong></span> <span class='ocrx_word' id='word_1_364' title='bbox 1916 3820 2216 3885; x_wconf 85' lang='lat' dir='ltr'><strong>spirans“</strong></span> <span class='ocrx_word' id='word_1_365' title='bbox 2261 3823 2324 3871; x_wconf 84' lang='lat' dir='ltr'><strong>de</strong></span> <span class='ocrx_word' id='word_1_366' title='bbox 2370 3822 2672 3871; x_wconf 87' lang='lat' dir='ltr'><strong>auctoritate</strong></span> <span class='ocrx_word' id='word_1_367' title='bbox 2708 3822 2822 3871; x_wconf 82' lang='lat' dir='ltr'><strong>Fri·</strong></span> 
     </span>
     <span class='ocr_line' id='line_1_42' title="bbox 685 3894 2822 3971; baseline -0.001 -14"><span class='ocrx_word' id='word_1_368' title='bbox 685 3908 931 3970; x_wconf 86' lang='lat' dir='ltr'><strong>singensis</strong></span> <span class='ocrx_word' id='word_1_369' title='bbox 968 3906 1083 3954; x_wconf 87' lang='lat' dir='ltr'><strong>libri</strong></span> <span class='ocrx_word' id='word_1_370' title='bbox 1123 3920 1301 3957; x_wconf 85' lang='lat' dir='ltr'><strong>censeo</strong></span> <span class='ocrx_word' id='word_1_371' title='bbox 1339 3907 1411 3955; x_wconf 88' lang='lat' dir='ltr'><strong>sic</strong></span> <span class='ocrx_word' id='word_1_372' title='bbox 1444 3894 1845 3957; x_wconf 81' lang='lat' dir='ltr'><strong>immutandum:</strong></span> <span class='ocrx_word' id='word_1_373' title='bbox 1892 3900 2061 3956; x_wconf 80' lang='lat' dir='ltr'><strong>odium</strong></span> <span class='ocrx_word' id='word_1_374' title='bbox 2099 3906 2405 3971; x_wconf 85' lang='lat' dir='ltr'><strong>aspirans“</strong></span> <span class='ocrx_word' id='word_1_375' title='bbox 2440 3908 2492 3955; x_wconf 90' lang='lat' dir='ltr'><strong>in</strong></span> <span class='ocrx_word' id='word_1_376' title='bbox 2528 3906 2660 3955; x_wconf 82' lang='lat' dir='ltr'><strong>hane</strong></span> <span class='ocrx_word' id='word_1_377' title='bbox 2708 3922 2822 3955; x_wconf 84' lang='lat' dir='ltr'><strong>sen-</strong></span> 
     </span>
     <span class='ocr_line' id='line_1_43' title="bbox 685 3991 2822 4055; baseline 0 -15"><span class='ocrx_word' id='word_1_378' title='bbox 685 3992 921 4041; x_wconf 77' lang='lat' dir='ltr'><strong>tentiam:</strong></span> <span class='ocrx_word' id='word_1_379' title='bbox 977 3991 1063 4053; x_wconf 87' lang='lat' dir='ltr'><strong>qui</strong></span> <span class='ocrx_word' id='word_1_380' title='bbox 1101 4004 1331 4055; x_wconf 85' lang='lat' dir='ltr'><strong>gressum</strong></span> <span class='ocrx_word' id='word_1_381' title='bbox 1368 3992 1576 4053; x_wconf 88' lang='lat' dir='ltr'><strong>retinet,</strong></span> <span class='ocrx_word' id='word_1_382' title='bbox 1632 4005 1738 4040; x_wconf 89' lang='lat' dir='ltr'><strong>non</strong></span> <span class='ocrx_word' id='word_1_383' title='bbox 1780 3992 1967 4039; x_wconf 87' lang='lat' dir='ltr'><strong>retinet</strong></span> <span class='ocrx_word' id='word_1_384' title='bbox 2015 3992 2209 4052; x_wconf 89' lang='lat' dir='ltr'><strong>odium,</strong></span> <span class='ocrx_word' id='word_1_385' title='bbox 2266 3993 2355 4042; x_wconf 84' lang='lat' dir='ltr'><strong>sed</strong></span> <span class='ocrx_word' id='word_1_386' title='bbox 2404 4006 2505 4055; x_wconf 91' lang='lat' dir='ltr'><strong>quo</strong></span> <span class='ocrx_word' id='word_1_387' title='bbox 2558 3992 2667 4055; x_wconf 87' lang='lat' dir='ltr'><strong>ipse</strong></span> <span class='ocrx_word' id='word_1_388' title='bbox 2720 4006 2822 4041; x_wconf 90' lang='lat' dir='ltr'><strong>non</strong></span> 
     </span>
     <span class='ocr_line' id='line_1_44' title="bbox 683 4070 2821 4140; baseline 0.002 -17"><span class='ocrx_word' id='word_1_389' title='bbox 683 4070 931 4139; x_wconf 83' lang='lat' dir='ltr'><strong>procedit,</strong></span> <span class='ocrx_word' id='word_1_390' title='bbox 969 4076 1194 4139; x_wconf 83' lang='lat' dir='ltr'><strong>adspirat</strong></span> <span class='ocrx_word' id='word_1_391' title='bbox 1229 4074 1422 4140; x_wconf 86' lang='lat' dir='ltr'><strong>odium)</strong></span> <span class='ocrx_word' id='word_1_392' title='bbox 1461 4077 1594 4125; x_wconf 85' lang='lat' dir='ltr'><strong>adeo</strong></span> <span class='ocrx_word' id='word_1_393' title='bbox 1633 4076 1918 4126; x_wconf 84' lang='lat' dir='ltr'><strong>delectatus</strong></span> <span class='ocrx_word' id='word_1_394' title='bbox 1956 4084 2057 4137; x_wconf 87' lang='lat' dir='ltr'><strong>est,</strong></span> <span class='ocrx_word' id='word_1_395' title='bbox 2100 4077 2151 4125; x_wconf 90' lang='lat' dir='ltr'><strong>id</strong></span> <span class='ocrx_word' id='word_1_396' title='bbox 2188 4084 2244 4125; x_wconf 91' lang='lat' dir='ltr'><strong>ut</strong></span> <span class='ocrx_word' id='word_1_397' title='bbox 2278 4078 2329 4125; x_wconf 88' lang='lat' dir='ltr'><strong>in</strong></span> <span class='ocrx_word' id='word_1_398' title='bbox 2367 4074 2617 4127; x_wconf 84' lang='lat' dir='ltr'><strong>Silvarum</strong></span> <span class='ocrx_word' id='word_1_399' title='bbox 2654 4078 2821 4128; x_wconf 88' lang='lat' dir='ltr'><strong>locum</strong></span> 
     </span>
     <span class='ocr_line' id='line_1_45' title="bbox 683 4159 1201 4220; baseline 0.004 -11"><span class='ocrx_word' id='word_1_400' title='bbox 683 4162 822 4209; x_wconf 84' lang='lat' dir='ltr'><strong>hune</strong></span> <span class='ocrx_word' id='word_1_401' title='bbox 855 4159 952 4210; x_wconf 88' lang='lat' dir='ltr'><strong>IV.</strong></span> <span class='ocrx_word' id='word_1_402' title='bbox 989 4162 1039 4220; x_wconf 83' lang='lat'><strong>4,</strong></span> <span class='ocrx_word' id='word_1_403' title='bbox 1077 4163 1201 4212; x_wconf 84' lang='lat'>102:</span> 
     </span>
    </p>

    <p class='ocr_par' dir='ltr' id='par_1_16' title="bbox 1093 4246 2281 4386">
     <span class='ocr_line' id='line_1_46' title="bbox 1397 4246 2281 4312; baseline 0.001 -17"><span class='ocrx_word' id='word_1_404' title='bbox 1397 4261 1491 4297; x_wconf 90' lang='lat' dir='ltr'><strong>nec</strong></span> <span class='ocrx_word' id='word_1_405' title='bbox 1529 4246 1661 4299; x_wconf 89' lang='lat' dir='ltr'><strong>enim</strong></span> <span class='ocrx_word' id='word_1_406' title='bbox 1699 4246 2082 4312; x_wconf 84' lang='lat' dir='ltr'><strong>Tirynthius</strong></span> <span class='ocrx_word' id='word_1_407' title='bbox 2119 4247 2281 4296; x_wconf 86' lang='lat' dir='ltr'><strong>almae</strong></span> 
     </span>
     <span class='ocr_line' id='line_1_47' title="bbox 1093 4331 1570 4386; baseline 0.006 -3"><span class='ocrx_word' id='word_1_408' title='bbox 1093 4331 1281 4383; x_wconf 86' lang='lat' dir='ltr'><strong>Pectus</strong></span> <span class='ocrx_word' id='word_1_409' title='bbox 1317 4333 1570 4386; x_wconf 78' lang='lat' dir='ltr'><strong>amicitiae</strong></span> 
     </span>
    </p>
   </div>
   <div class='ocr_carea' id='block_1_10' title="bbox 2752 4847 3175 4898">
    <p class='ocr_par' dir='ltr' id='par_1_17' title="bbox 2752 4847 3175 4898">
     <span class='ocr_line' id='line_1_48' title="bbox 2752 4847 3175 4898; baseline -0.021 0"><span class='ocrx_word' id='word_1_410' title='bbox 2752 4888 2788 4898; x_wconf 73' lang='grc'><strong>,,.</strong></span> <span class='ocrx_word' id='word_1_411' title='bbox 2806 4847 3175 4896; x_wconf 53' lang='lat' dir='ltr'><strong>aa-—n—fiffl&#39;</strong></span> 
     </span>
    </p>
   </div>
   <div class='ocr_carea' id='block_1_11' title="bbox 3153 1678 3176 2485">
    <p class='ocr_par' dir='ltr' id='par_1_18' title="bbox 3153 1678 3176 2485">
     <span class='ocr_line' id='line_1_49' title="bbox 3153 1678 3176 2485; baseline 0 0"><span class='ocrx_word' id='word_1_412' title='bbox 3153 1678 3176 2485; x_wconf 95' lang='lat' dir='ltr'><strong> </strong></span> 
     </span>
    </p>
   </div>
  </div>
 </body>
</html>
