3234 4967
630 305 757 385 104
1526 303 1557 355 Α
1573 304 1603 355 d
1625 321 1655 355 n
1673 322 1702 355 0
1719 310 1754 354 t.
1791 304 1873 354 66.

624 512 945 579 adversus
1014 510 1179 575 vitia
1256 510 1495 573 mansit
1540 548 1628 557 --
1674 507 1826 573 nolo
1897 510 2070 573 enim
2126 530 2263 573 rem
2322 509 2390 572 in
2450 507 2772 572 Emendd.

625 617 873 684 Arnob.
923 638 1065 703 cap.
1115 616 1230 681 Xl.
1279 614 1477 681 Anal.
1525 613 1724 703 Prop.
1772 639 1836 703 p.
1873 614 1956 681 73
2004 613 2375 679 inchoatam
2421 636 2592 678 nunc
2638 637 2777 701 per—

626 735 856 790 texere
903 761 1010 803 —,
1059 720 1177 786 sed
1224 743 1421 808 quum
1468 721 1722 785 fraudis
1754 743 1961 807 genus
2006 719 2194 786 facile
2229 729 2641 807 agnoscatur,
2688 722 2779 785 in-

627 828 1087 915 vestigandum
1109 836 1329 891 tamen
1354 836 1420 891 et
1442 826 1918 914 proferendum
1942 834 2042 891 est
2075 826 2340 915 aliquod
2365 826 2776 910 vocabulum,

626 936 802 1025 quod
834 935 920 1001 ad
950 936 1109 1000 istas
1144 932 1629 997 commenticias
1662 930 2042 997 aedituas
2076 932 2380 998 videatur
2409 931 2777 997 litterarum

629 1040 1053 1108 similitudine
1112 1039 1411 1127 proxime
1481 1037 1817 1102 accedere.
1935 1036 2128 1119 Quod
2199 1040 2514 1124 cogitanti
2585 1034 2780 1104 sub‘iit

629 1148 791 1215 illud
839 1168 1132 1211 errorum
1180 1167 1386 1230 genus
1432 1154 1774 1233 reputare,
1848 1167 1972 1231 quo
2030 1145 2272 1231 primas
2336 1168 2624 1235 quasque
2672 1169 2781 1210 vo-

630 1253 1010 1321 cabulorum
1041 1251 1295 1317 litteras
1341 1252 1409 1315 in
1438 1252 1598 1338 ipsis
1632 1273 1934 1317 versuum
1983 1252 2187 1316 initiis
2217 1252 2464 1339 positas
2495 1252 2776 1317 maxime

628 1360 929 1447 intercipi
999 1356 1221 1424 solitas
1294 1379 1435 1422 esse
1500 1367 1567 1421 et
1626 1356 1735 1421 alii
1796 1357 2188 1439 docuerunt,
2261 1379 2423 1446 quos
2483 1356 2778 1423 Draken-

626 1466 938 1534 borchius
970 1464 1083 1531 Sil.
1116 1464 1205 1529 X.
1241 1463 1367 1527 297
1403 1486 1465 1551 p.
1500 1462 1630 1529 513
1663 1464 2216 1545 commemoravit,
2265 1472 2333 1527 et
2362 1484 2479 1528 nos
2513 1463 2778 1529 Gratii

631 1574 777 1638 loco
812 1572 979 1659 Cyn.
1018 1571 1178 1635 179:
1227 1568 1596 1655 Acyrusq
1617 1590 1710 1632 ue
1742 1569 1835 1633 sic
1867 1579 2191 1634 correcto:
2237 1570 2777 1657 Naryciusque

629 1677 871 1743 Electt.
922 1676 1084 1741 Crit.
1133 1698 1196 1761 p.
1246 1676 1286 1739 3
1335 1697 1428 1760 sq.
1498 1674 1816 1761 novisque
1875 1677 2016 1761 jam
2087 1674 2406 1763 exemplis
2477 1684 2542 1740 et
2589 1676 2778 1741 Statii

631 1810 696 1850 v.
746 1783 855 1849 84.
915 1781 1000 1847 59
1071 1780 1455 1845 confirmare
1514 1778 1668 1843 licet
1725 1790 1792 1845 et
1848 1780 2027 1845 Silii
2083 1780 2188 1846 ΠΙ.
2243 1782 2406 1847 481:
2479 1782 2782 1865 „Cuncta

634 1889 790 1977 gelu
862 1909 1149 1975 canaque
1221 1895 1558 1951 aeternum
1632 1885 1950 1971 grandine
2019 1896 2196 1955 tecta
2261 1886 2530 1976 Atque
2602 1890 2780 1953 aevi

628 1996 905 2083 glaciem
952 1992 1301 2058 cohibent“
1343 1992 1490 2073 hac,
1541 1990 1785 2079 siquid
1830 1989 2160 2075 videmus,
2211 2015 2336 2080 ope
2383 1993 2742 2083 adjuvandi
2763 2017 2788 2093 z·

628 2104 1035 2189 Stantque
1084 2108 1164 2162 et
1208 2098 1290 2162 vi
1336 2098 1614 2183 glaciem
1661 2097 2044 2165 cohibent.“
2156 2098 2435 2187 Jamque
2507 2100 2780 2165 videbar

626 2232 760 2275 non
804 2204 1213 2273 incommode
1282 2204 1610 2269 reminisci
1678 2203 1841 2269 illud
1899 2203 2328 2291 Epigramma
2387 2205 2585 2271 Anth.
2639 2205 2775 2271 Pal.

627 2330 780 2397 VII.
850 2329 1000 2412 221,
1052 2331 1093 2395 3
1139 2352 1203 2416 p.
1254 2329 1413 2391 371:
1489 2312 1839 2411 Ἐσβέσῦη
1927 2312 2012 2383 δὲ
2107 2314 2206 2385 τὰ
2285 2314 2598 2411 φίλτρα
2680 2316 2780 2385 τὰ

628 2423 972 2511 κωτίλα,
1012 2432 1186 2499 unde
1233 2444 1454 2521 posset
1484 2432 1820 2521 perveniri
1865 2430 1950 2495 ad
1997 2417 2462 2508 στωμύλον
2515 2416 2782 2489 εὐτυ-

618 2525 821 2622 χίην
881 2539 1002 2604 ΙΧ.
1080 2540 1226 2623 187,
1298 2540 1343 2603 4
1412 2541 1493 2604 cf.
1562 2536 1934 2603 Hemsterh.
1993 2534 2244 2599 Anecd.
2306 2558 2366 2621 p.
2427 2535 2505 2599 91
2571 2559 2666 2627 sq.
2715 2544 2780 2599 et

626 2645 960 2729 κωτίλους·
996 2649 1317 2743 χάριτας,
1375 2646 1821 2742 εὐφροσύνας
1861 2660 1998 2723 sive
2060 2657 2366 2745 loquaces
2412 2656 2780 2723 laetitias

635 2760 829 2849 (Fab.
880 2773 946 2829 et
976 2763 1260 2829 Haverc.
1293 2764 1552 2829 Lucret.
1603 2763 1689 2828 lll.
1747 2764 1872 2829 143
1920 2788 1980 2851 Ρ.
2031 2764 2180 2829 499.
2226 2762 2452 2829 Arntz.
2505 2763 2782 2837 Mamer-

627 2868 741 2932 tin.
794 2867 981 2935 Grat.
1028 2870 1177 2935 Act.
1229 2870 1334 2951 29,
1385 2871 1426 2933 2
1472 2893 1532 2956 p.
1587 2867 1742 2957 759)
1778 2868 1882 2933 vel
1920 2867 2403 2951 blanditias,
2453 2892 2649 2957 quum
2699 2870 2782 2935 ad
2884 2893 2889 2899 ·

632 2972 812 3039 aliud
858 2973 1255 3040 moliendum
1303 2973 1644 3039 inclinavit
1689 2975 1942 3058 verius,
2003 2997 2198 3062 quam
2258 2975 2530 3041 deflexit
2576 2999 2784 3040 recor·

629 3080 807 3145 datio
854 3082 1327 3168 permixtarum
1354 3081 1751 3172 ‘saepissime
1813 3104 2048 3147 vocum
2117 3081 2458 3147 laetitia
2529 3092 2594 3146 et
2656 3107 2784 3147 ne-

630 3185 1172 3275 quitia(Burm.
1198 3187 1393 3273 Prop.
1422 3186 1472 3249 I.
1506 3188 1608 3269 11,
1646 3189 1728 3251 23
1775 3211 1837 3274 Ρ.
1894 3189 2019 3251 122
2068 3198 2134 3253 et
2180 3187 2243 3252 ll.
2293 3190 2355 3272 4,
2391 3190 2447 3254 2.
2483 3212 2550 3277 Ρ.
2583 3189 2781 3276 242).

632 3292 862 3379 Neque
912 3293 1086 3357 enim
1132 3291 1407 3357 subinde
1478 3291 1639 3356 nihil
1685 3291 1994 3357 movebat
2023 3286 2127 3358 'ea
2178 3316 2322 3377 res,
2395 3294 2570 3382 quod
2639 3318 2784 3359 cum

637 3398 933 3463 oratione
1010 3396 1204 3463 Statii
1284 3396 1646 3462 delicias
1721 3420 1866 3462 suas
1937 3398 2028 3463 sie
2092 3398 2452 3465 laudantis:
2524 3400 2782 3466 doctum

630 3499 1017 3569 convicia
1058 3487 1376 3569 infantem
1436 3501 1915 3591 salibusque
1977 3514 2459 3591 protervum
2514 3506 2783 3571 mirifice

634 3633 999 3697 congruere
1072 3611 1411 3677 videretur
1467 3610 1580 3676 illa
1637 3610 1956 3676 Martialis
2011 3613 2332 3699 professio
2379 3612 2504 3677 XI.
2559 3604 2658 3695 16,
2713 3612 2782 3677 7:

632 3718 1056 3805 nequitias
1078 3720 1289 3785 nostri
1334 3719 1728 3807 lususque
1777 3718 2151 3786 libelli.·Vl.
2188 3721 2294 3802 82,
2342 3719 2414 3783 5:
2461 3718 2568 3785 ille
2617 3720 2785 3785 Mar-

634 3822 845 3907 nafis,
919 3823 1121 3915 Cujus
1166 3826 1592 3913 nequitias
1649 3828 1968 3913 jocosque
2038 3826 2243 3891 novit.
2291 3826 2373 3890 V.
2432 3826 2494 3908 2,
2541 3827 2612 3891 3:
2684 3828 2786 3891 Tu

633 3953 829 4019 quem
874 3932 1305 4018 nequitiae
1354 3931 1774 4019 procaciores
1818 3929 2170 3996 Delectant
2225 3932 2494 3999 nimium
2541 3930 2785 3997 sales-

638 4057 764 4123 que
811 4035 989 4118 nudi,
1038 4036 1355 4103 Lascivos
1400 4035 1546 4123 lege
1596 4045 1906 4125 quattuor
1953 4035 2276 4103 libellos.“
2369 4036 2564 4121 Quid,
2613 4039 2786 4127 quod

640 4140 1030 4207 vocabulum
1079 4165 1245 4229 „pro
1290 4141 1565 4207 lascivia
1609 4152 1677 4207 ct
1721 4140 2090 4229 petulantia
2139 4142 2337 4227 vulgo
2369 4143 2787 4207 traduct11n1“
2839 4151 2841 4155 ’

638 4245 896 4333 (Barth.
944 4245 1117 4311 Adv.
1166 4247 1415 4313 XXIX.
1470 4250 1551 4311 14
1597 4272 1661 4335 p.
1715 4248 1884 4313 1383
1934 4250 2014 4311 cf.
2059 4248 2339 4314 Erhard.
2390 4248 2648 4315 Petron.
2701 4251 2782 4313 δῖ
