3234 4967
655 335 742 404 90
1547 337 1785 392 aanor.
1835 337 1917 389 55.

661 555 736 611 ut
781 543 1068 612 solemne
1117 553 1184 610 et
1231 543 1419 610 dulce
1475 543 1548 610 id
1603 565 1875 610 carmen
1944 545 2141 610 fuisse
2211 543 2611 629 affirmetur,
2676 565 2807 612 non

655 650 1010 719 absurdum
1063 660 1163 716 est
1221 651 1535 739 suspicari
1589 649 1753 716 iilud
1798 651 2201 716 conticuit
2256 673 2336 718 eo
2394 671 2619 718 errore
2660 669 2807 740 pro-

654 759 935 840 venisse,
985 779 1113 847 quo
1165 756 1345 845 apud
1391 757 1703 822 Ovidium
1749 754 1897 822 Am.
1945 755 2034 822 lll.
2082 759 2143 841 9,
2192 758 2309 824 24:
2358 760 2571 824 invita
2626 779 2808 827 con·

657 864 1026 930 cinuisse
1095 862 1284 950 lyra“
1354 864 1422 928 in
1492 863 1821 952 plerisque
1890 861 2073 929 libris
2141 862 2267 930 hoc
2310 863 2592 932 insedit:
2662 887 2809 930 con·

657 971 974 1037 ticuisse
1022 978 1090 1035 et
1119 969 1300 1036 Fast.
1334 969 1441 1035 Vl.
1473 969 1634 1038 3422
1680 970 2145 1036 conticuere
2191 968 2448 1036 molae“
2499 973 2568 1037 in
2598 973 2806 1060 Regio

655 1078 902 1143 factum
933 1084 1034 1143 est
1079 1075 1560 1160 continuere,
1608 1074 1787 1165 quod
1826 1076 2039 1164 ipsum
2084 1078 2557 1145 concinendi
2602 1080 2806 1146 verbo

655 1205 789 1248 non
835 1183 1049 1249 minus
1095 1205 1322 1273 saepe,
1394 1206 1586 1272 quam
1654 1183 2024 1249 retinere
2094 1182 2298 1250 verbo
2368 1185 2807 1254 recinendi

663 1289 916 1377 (Cum.
967 1289 1052 1354 ad
1097 1287 1316 1355 Pison.
1359 1289 1473 1372 68,
1521 1289 1604 1356 de
1677 1311 1805 1378 quo
1862 1289 2148 1356 diximus
2192 1290 2401 1357 Theb.
2447 1292 2686 1362 Pau-ad.
2732 1317 2800 1382 p.

653 1396 809 1462 431.
863 1393 1011 1462 cul.
1065 1396 1169 1460 71.
1219 1396 1358 1462 Cic.
1389 1393 1578 1463 Brut.
1622 1397 1733 1480 46,
1789 1396 1937 1461 171.
1968 1395 2246 1479 Quintil.
2294 1396 2407 1463 lX.
2456 1400 2498 1463 2
2541 1421 2608 1488 Ρ.
2658 1399 2803 1465 783.

655 1501 972 1567 Marcian.
1021 1501 1184 1590 Cap.
1248 1499 1359 1567 lx.
1421 1502 1551 1568 888
1600 1525 1665 1592 p.
1717 1503 1867 1569 690.
1915 1502 2231 1569 Dracont-
2281 1503 2603 1570 Hexaem.
2652 1503 2805 1569 450.

657 1607 986 1674 Ammian.
1032 1607 1235 1673 Marc.
1287 1607 1441 1673 XV.
1495 1609 1552 1691 1,
1601 1609 1647 1672 4
1691 1630 1755 1697 p.
1788 1609 1891 1675 43.
1927 1607 2105 1676 XlX.
2146 1611 2203 1694 7,
2255 1611 2291 1675 7
2322 1633 2399 1699 p.
2454 1609 2601 1676 186.
2636 1608 2806 1676 Oud.

657 1713 856 1802 Apul.
905 1715 1065 1780 Met.
1114 1714 1197 1779 V.
1245 1737 1310 1802 Ρ.
1355 1714 1520 1803 367)
1567 1713 1950 1782 insidiatum
1982 1736 2124 1782 esse
2172 1724 2502 1786 testantur
2548 1715 2807 1782 Ouden-

659 1821 930 1908 dorpius
976 1819 1276 1885 Frontin.
1308 1819 1374 1885 ll.
1429 1821 1530 1906 12,
1571 1824 1600 1887 1
1655 1847 1720 1910 p.
1766 1821 1900 1888 305
1932 1830 2001 1888 ct
2028 1819 2615 1890 Drakenborchius
2658 1822 2802 1890 Liv.

658 1926 764 1992 Vl.
813 1925 918 2010 35,
969 1927 1012 1990 9
1061 1949 1128 2014 p.
1175 1926 1327 1992 310.
1419 1928 1514 1993 Ut
1548 1930 1691 2018 jam
1738 1936 2058 2018 appareat
2105 1928 2229 1996 hac
2264 1929 2609 1996 verborum
2642 1949 2803 2018 opus

657 2054 803 2100 esse
849 2031 1324 2122 descriptione:

1678 2175 1725 2228 si
1763 2175 1815 2228 in
1858 2175 2042 2228 sunere
2078 2189 2235 2229 carae

771 2259 1028 2330 eonjugis
1063 2263 1262 2315 invenit
1295 2268 1514 2314 caneret
1549 2261 1693 2332 quod
1732 2262 1927 2316 tersius
1962 2259 2231 2331 Orpheus,

777 2346 942 2401 Dulce
977 2347 1079 2402 sibi
1115 2349 1160 2402 si
1200 2347 1352 2402 busta
1391 2346 1500 2402 Lini
1538 2347 1850 2418 <implexus
1888 2347 2070 2419 Apono

765 2431 806 2486 C
825 2451 854 2484 o
871 2450 902 2485 n
926 2433 1028 2488 cin
1043 2435 1152 2488 uit.

659 2551 856 2635 Quod
921 2552 1097 2618 idem
1168 2553 1263 2620 sic
1331 2552 1500 2620 dixit
1541 2552 1829 2620 Ovidius
1890 2553 2033 2620 Am.
2081 2553 2125 2619 l.
2174 2553 2270 2619 d.:
2329 2550 2676 2620 Aelinon
2722 2591 2807 2604 --

665 2659 928 2726 Dicitur
972 2659 1184 2726 invita
1226 2659 1757 2726 concinuisse
1786 2657 2003 2747 lyra.“
2088 2659 2345 2726 Dulce
2392 2659 2809 2726 concinuit

665 2765 963 2852 quidem,
1007 2775 1082 2832 ut
1149 2765 1464 2854 Calpur-n.
1511 2765 1656 2833 Ecl.
1726 2765 1838 2831 lv.
1908 2767 1979 2833 9:
2046 2765 2305 2832 Dulce
2374 2764 2637 2854 quidem
2692 2787 2811 2832 re·

658 2893 801 2938 son
822 2893 902 2938 as
946 2871 1062 2961 (cf.
1111 2872 1340 2936 Heins.
1391 2870 1590 2938 ovid.
1638 2873 1827 2938 Rem.
1858 2871 2007 2938 Am.
2059 2871 2186 2936 766
2234 2895 2295 2960 Ρ.
2349 2871 2475 2937 763
2524 2870 2809 2938 et-Olau·

664 2976 840 3045 dian.
887 2977 1084 3048 Prob.
1134 2987 1202 3044 et
1234 2974 1460 3065 Olybr.
1501 2977 1630 3043 120
1674 3001 1738 3066 Ρ.
1792 2979 1895 3046 13.
1942 2976 2178 3044 Wach.
2215 2985 2283 3044 et
2312 2976 2535 3044 Arntz.
2572 2976 2807 3044 Geton.

658 3083 829 3150 Dist.
877 3083 924 3148 1.
971 3084 1056 3150 27
1103 3108 1168 3172 Ρ.
1220 3082 1322 3148 75.
1374 3082 1557 3152 Cort.
1603 3082 1855 3150 Lucan.
1887 3084 1969 3149 V.
2015 3084 2143 3150 217
2192 3108 2258 3172 Ρ.
2306 3083 2436 3150 599
2484 3093 2551 3150 et
2594 3083 2645 3148 1.
2676 3082 2807 3150 353

659 3213 722 3278 p.
771 3189 880 3256 99.
948 3189 1216 3257 Jacobs.
1267 3189 1549 3258 Callistr.
1601 3190 1767 3258 Stat.
1819 3193 1875 3256 1.
1924 3215 1987 3280 Ρ.
2036 3191 2187 3258 683.
2244 3189 2471 3258 Sidon.
2514 3189 2803 3279 Apollin.

661 3297 743 3362 V.
793 3295 958 3362 265:
982 3295 1312 3364 Hammon
1337 3297 1408 3365 Si
1433 3305 1805 3365 sanctum
1830 3297 1951 3365 sub
1974 3297 2169 3385 Syrte
2194 3295 2539 3387 gemit“)‚
2577 3295 2807 3363 dulce

659 3405 723 3468 si
739 3402 819 3469 bi
843 3411 1064 3469 autem
1086 3413 1160 3470 ut
1193 3405 1821 3470 consummatissimo
1856 3405 2213 3472 carminum
2249 3401 2495 3470 arbitro
2533 3403 2615 3470 cf.
2643 3402 2809 3470 Con-

649 3511 810 3599 ject.
835 3509 1030 3576 XIX.
1057 3509 1357 3599 Sympos.
1383 3510 1687 3598 Aenigm.
1712 3511 1802 3576 11.
1830 3511 1903 3576 2:
1939 3509 2191 3577 arundo
2214 3547 2303 3558 ——
2324 3508 2536 3576 Dulce
2568 3531 2808 3576 sonans

663 3617 924 3683 Musis
971 3615 1156 3705 (add.
1205 3616 1372 3684 Stat.
1419 3616 1580 3684 Silv.
1625 3616 1707 3682 V.
1756 3619 1820 3700 3,
1873 3616 1987 3685 16:
2032 3615 2123 3682 nil
2156 3614 2399 3681 dulce
2432 3619 2807 3682 sonantes.“

653 3723 773 3790 Jos
795 3772 810 3790 .
857 3723 1081 3790 Jscan.
1126 3721 1226 3788 Vl.
1259 3725 1338 3788 4:
1372 3732 1512 3790 toto
1544 3722 1637 3788 nil
1668 3723 1929 3810 agmine
1960 3720 2222 3805 laetum,
2256 3720 2513 3788 Dulce
2547 3720 2805 3812 nihil“);

663 3829 944 3918 denique
999 3829 1240 3896 busta
1293 3827 1788 3917 complexus,
1845 3837 1919 3894 ut
1970 3827 2126 3896 silv.
2182 3828 2293 3893 ΙΙΙ.
2336 3827 2401 3912 5,
2448 3827 2565 3896 52:
2625 3850 2807 3894 exe-

661 3937 890 4026 quias
937 3935 1313 4025 amplexa
1343 3937 1566 4004 canori
1597 3935 1983 4022 Coniugis.“
2030 3934 2236 4002 Theb.
2270 3933 2345 4000 ll.
2380 3933 2539 4002 508:
2571 3932 2808 4002 Reni-

659 4043 886 4130 quias
933 4040 1312 4129 amplexa
1357 4042 1637 4108 virum.“
1752 4041 1890 4108 Nec
1954 4061 2112 4108 vero
2172 4038 2507 4108 dissimulo
2566 4063 2653 4107 ex
2704 4063 2803 4124 eo,

660 4146 834 4236 quod
894 4148 963 4214 in
1028 4146 1490 4236 Rehdigerano
1538 4157 1640 4214 est
1693 4149 1937 4232 tacui,
2008 4167 2199 4236 posse
2248 4149 2690 4237 conjecturam
2740 4157 2805 4212 et

659 4252 1003 4320 consilium
1049 4255 1196 4342 capi
1241 4253 1433 4344 hujus
1479 4256 1697 4344 potius
1744 4254 1988 4322 ordinis
2035 4253 2350 4322 ducendi:
2400 4255 2455 4320 si
2503 4253 2808 4342 Orpheus

660 4361 727 4425 in
776 4359 1006 4426 funere
1053 4361 1352 4448 conjugis
1384 4361 1637 4426 invenit
1672 4361 1847 4449 quod
1880 4371 2147 4429 caneret
2178 4362 2432 4445 tersius,
2482 4361 2537 4426 si
2568 4359 2807 4451 Apollo
