3234 4967
1257 366 1697 434 Conjectfixx.
1734 361 1744 371 ”
2432 367 2529 416 281

409 559 514 597 non
550 551 780 596 exactum
818 556 926 592 esse
961 542 1034 592 sic
1071 540 1395 605 corrigendo:
1453 539 1564 590 Hos
1617 553 1769 604 super
1819 553 1926 588 exe
1946 543 2143 588 ertam
2176 535 2393 587 Phalces
2430 535 2535 601 agit

412 646 632 696 aequore
694 629 916 695 pubem
954 627 1084 680 Cum
1117 626 1366 678 fremitu.“
1427 627 1567 677 codd.
1632 631 1911 674 erectam
1962 624 2185 674 nubem.
2257 619 2400 672 Carr.
2443 622 2530 673 lib.

413 723 709 770 aeratam.
777 715 960 779 Neque
997 713 1250 766 Gellius
1286 712 1408 762 VII.
1445 713 1493 774 3,
1532 711 1619 762 55:
1649 710 1972 774 ,commodius
2010 715 2177 758 autem
2214 709 2533 758 erectius-

415 817 514 866 que
568 803 633 852 de
685 801 761 852 his
814 801 934 850 meis
986 800 1152 850 verbis
1188 827 1250 836 —
1289 797 1626 848 existimabit“
1679 803 1771 846 aut
1805 794 2164 844 Ammianus
2215 793 2372 842 Marc.
2410 793 2530 844 XV.

414 889 460 948 5,
488 890 578 938 11:
614 887 870 936 etiamtum
906 885 1141 951 squalens
1179 892 1228 934 et
1261 890 1474 944 maestus
1511 897 1753 947 suamque
1790 887 1841 931 et
1863 878 2121 945 popularis
2140 877 2336 930 Silvani
2370 880 2533 928 vicem

413 972 744 1036 ingemiscens
781 971 1018 1020 adhibitis
1057 970 1290 1030 Francis,
1349 984 1558 1032 quorum
1611 983 1673 1018 ea
1707 969 2018 1031 tempestate
2052 965 2106 1013 in
2126 964 2328 1034 ¹palatio
2362 963 2531 1040 multi-

411 1057 533 1106 tudo
568 1056 804 1119 florebat,
855 1055 1137 1106 erectius
1165 1055 1268 1118 jam
1315 1054 1650 1118 loquebatur“
1702 1051 1979 1102 erectius
2024 1051 2221 1100 videtur
2257 1050 2533 1114 scripsisse,

413 1141 502 1191 sed
540 1142 862 1194 exsertius
917 1138 1002 1204 (cf.
1043 1138 1174 1191 Gen.
1209 1141 1244 1190 l.
1283 1142 1360 1190 d.:
1421 1138 1740 1188 sincerius
1798 1136 2098 1200 corrigere“‚
2159 1135 2293 1199 quod
2346 1135 2533 1207 optime

414 1227 690 1292 explicavit
726 1226 864 1277 Otho
901 1243 950 1291 p.
987 1224 1142 1290 483),
1195 1233 1254 1275 ut
1307 1234 1382 1275 est
1417 1225 1552 1290 apud
1587 1223 1924 1280 Scholiastam
1963 1220 2070 1272 Cic.
2108 1220 2285 1273 Plane.
2322 1237 2370 1284 p.
2412 1220 2533 1270 156:

415 1320 607 1374 quanto
659 1323 802 1377 pater
839 1312 948 1375 ejus
984 1313 1235 1376 quaedam
1271 1310 1478 1360 liberius
1533 1316 1583 1358 et
1634 1309 1960 1360 exsertius
2014 1307 2253 1356 adversus
2291 1305 2533 1370 quosdam

413 1398 658 1463 primores
712 1407 915 1448 senatus
986 1397 1244 1446 dixisset.“
1316 1395 1516 1458 Quibus
1587 1395 1770 1445 similia
1834 1409 1985 1460 supra
2039 1392 2316 1445 attulimus.
2386 1376 2539 1452 Quid,

415 1484 552 1546 quod
585 1484 719 1548 apud
753 1485 968 1532 eundem
1005 1482 1332 1532 Ammianum
1379 1483 1425 1544 7,
1465 1483 1520 1532 2:
1589 1481 1805 1530 terribili
1856 1481 2044 1546 impetu
2096 1476 2404 1542 praefectum
2456 1476 2535 1524 in-

415 1568 643 1617 cessebat
677 1575 733 1617 ut
751 1568 1000 1622 timidum:
1038 1569 1126 1618 sed
1159 1567 1250 1617 ille
1287 1566 1480 1616 stabilis
1517 1573 1568 1614 et
1603 1573 1867 1616 erectus
1901 1565 2131 1614 immissis
2167 1561 2536 1627 adparitoribus

417 1660 674 1716 correptos
709 1653 904 1717 aliquot
939 1680 1002 1689 -
1041 1651 1303 1702 multavit“
1358 1651 1574 1702 dubitari
1609 1659 1775 1716 potest
1810 1667 1874 1700 an
1911 1647 2197 1715 praefectus
2236 1654 2535 1699 exsertus

415 1737 577 1788 dictus
612 1739 690 1799 sit,
725 1747 782 1788 ut
815 1740 880 1788 ab
917 1739 1046 1799 aliis,
1083 1754 1208 1803 quos
1244 1738 1300 1786 in
1334 1738 1432 1787 hoc
1470 1737 1636 1802 capite
1676 1735 2199 1793 commemoravimus,
2236 1740 2535 1784 exsertus

417 1821 649 1884 bellator,
685 1823 874 1874 nauta?
933 1822 1010 1874 Cf.
1048 1821 1148 1872 Sen
1200 1823 1352 1873 ProV.
1391 1825 1446 1874 3:
1483 1815 1981 1872 contumacissimam
2020 1827 2071 1870 et
2106 1818 2453 1870 rectissimum.

549 1906 676 1958 Inde
713 1917 905 1970 autem,
943 1911 1081 1973 quod
1116 1910 1252 1974 apud
1291 1909 1506 1960 Statium
1547 1906 1673 1959 Silv.
1708 1905 1776 1955 V.
1815 1909 1861 1968 2,
1900 1907 1965 1956 39
2003 1911 2229 1956 exerto
2264 1903 2403 1953 bello
2438 1905 2535 1952 dis-

417 1997 596 2059 crepat
631 1994 793 2048 Rehd.
821 2003 1070 2046 exorto,
1107 1996 1248 2059 vulg.
1286 2001 1544 2044 extorto
1581 2000 1631 2042 et
1666 1993 1803 2058 apud
1838 1990 2274 2057 ApuleiumMet.
2308 1989 2351 2040 Ι.
2386 2006 2436 2054 p.
2474 1990 2537 2040 15

421 2087 641 2128 exerto
677 2063 1073 2144 caehinno-Bag.
1099 2080 1234 2131 Pith.
1260 2074 1393 2129 Fux.
1417 2087 1667 2130 exorto.
1738 2077 1895 2151 Basil.
1918 2080 1943 2126 1
1986 2083 2233 2126 extorto
2270 2071 2333 2126 cf.
2354 2074 2535 2126 Nazar.

419 2161 546 2214 Pan.
585 2163 906 2214 Constantin.
945 2167 1022 2225 19,
1059 2167 1089 2214 2
1144 2165 1386 2215 coelestes
1424 2163 1764 2214 exercitus
1800 2162 1886 2214 tui.
1960 2156 2129 2212 Guelf.
2168 2168 2430 2211 exortus
2490 2167 2539 2210 et

421 2246 578 2312 Apul.
636 2257 687 2298 et
739 2249 905 2301 Gloss.
943 2251 1104 2302 Paris.
1137 2248 1216 2304 11!
1242 2249 1374 2298 infra
1426 2247 1596 2302 effen:
1666 2253 1914 2298 exarta:
1968 2230 2247 2308 ex'erta‘ss
2300 2247 2536 2311 progredi

418 2333 541 2383 licet
599 2335 664 2383 ad
724 2336 1125 2400 redarguendum
1183 2333 1388 2386 Francii
1445 2334 1711 2386 consilium
1748 2332 1989 2382 Valerii
2024 2331 2257 2385 Flacci.
2304 2331 2400 2385 IV,
2440 2331 2537 2381 ‘123

419 2415 832 2484 versumtmhinc
858 2421 1051 2472 Boreas
1087 2423 1270 2472 cedens
1307 2421 1604 2486 glacialibus
1642 2419 1780 2469 auris
1803 2417 1998 2468 Pontus
2034 2425 2085 2468 et
2118 2424 2343 2466 exorta
2376 2415 2539 2466 facilis

423 2518 751 2562 concrescere
789 2507 998 2557 bruma“
1035 2508 1109 2557 sic
1145 2506 1456 2571 corrigendi:
1512 2507 1775 2555 inducta
1815 2529 1872 2538 —-—
1909 2502 2144 2553 bruma“:
2196 2503 2355 2552 satius
2408 2503 2537 2552 enim

421 2588 516 2639 fuit
552 2593 815 2642 memorari
851 2577 1168 2642 exsertam
1228 2592 1456 2642 brumam
1508 2592 1561 2641 id
1612 2597 1690 2641 est
1732 2603 1924 2654 acrem,
1983 2588 2203 2638 exertius
2261 2575 2537 2637 venientem

421 2673 689 2738 (Ammian.
728 2677 894 2748 Mare..
921 2677 1127 2727 XXIII.
1164 2679 1213 2739 4,
1252 2679 1310 2728 9:
1347 2682 1606 2726 exserto
1643 2677 1872 2740 vigore
1910 2670 2248 2736 discussum“)
2284 2673 2365 2723 vel
2385 2673 2533 2722 etiam

365 2825 368 2828 ἢ
419 2776 600 2812 vocum
637 2778 790 2827 supra
827 2771 1218 2814 contestatamm
1257 2763 1551 2812 alterutram
1589 2762 1741 2812 sumi:
1778 2766 2105 2826 expertam
2160 2755 2306 2823 (Stat.
2342 2757 2535 2808 Achill.

417 2845 463 2897 I.
503 2844 620 2911 187)
675 2848 756 2897 vel
809 2857 1151 2914 exceptam
1205 2845 1396 2912 (Theb.
1432 2846 1500 2900 V.
1538 2848 1619 2900 79.
1676 2843 1782 2896 Cic.
1836 2846 2006 2896 Rabir.
2051 2844 2187 2896 Post.
2226 2843 2345 2907 15);
2402 2845 2536 2909 apud

421 2929 832 2983 Claudianum
869 2941 1040 2984 autem
1074 2931 1192 2986 Ruf.
1226 2933 1292 2984 11.
1332 2935 1457 2984 1702
1495 2933 1744 2993 „dictatur
1778 2929 1971 2981 facinus
2007 2930 2289 2994 missusque
2314 2938 2537 2995 repente,

421 3015 521 3078 Qui
555 3015 692 3069 ferat
725 3026 1014 3070 extortas
1049 3019 1207 3069 invito
1243 3018 1469 3084 principe
1504 3017 1689 3068 voces“
1741 3017 1925 3066 inertia
1957 3030 2139 3066 vocum
2193 3021 2536 3078 „extortas

417 3102 655 3153 invito“
691 3106 1024 3170 temperanda
1058 3119 1120 3155 ac
1156 3105 1457 3169 corrigenda
1490 3104 1686 3154 videtur
1718 3101 1817 3152 hac
1852 3101 2073 3153 ratione}
2112 3109 2413 3154 exsertas
2448 3103 2536 3152 in-

418 3186 525 3238 vito
559 3190 788 3255 principe
823 3191 1007 3242 voces“
1061 3191 1115 3240 id
1175 3198 1253 3241 est
1286 3190 1597 3256 implacidas,
1653 3189 1877 3249 strictas,
1914 3195 1975 3238 ut
2010 3194 2267 3238 exserta
2318 3187 2539 3237 minari

421 3270 636 3323 Casaub.
689 3273 940 3339 Spartian.
994 3271 1168 3327 Sever.
1227 3277 1259 3326 3
1311 3293 1362 3342 p.
1399 3277 1515 3328 592.
1581 3271 1783 3339 (Barth.
1836 3274 1873 3324 l.
1910 3289 2063 3340 supra
2099 3275 2147 3324 d.
2203 3273 2264 3328 cf.
2312 3272 2537 3324 Ermold.

425 3355 614 3422 Nigell.
661 3359 812 3424 Eleg.
851 3361 893 3412 Ι.
931 3363 1022 3412 62:
1076 3369 1130 3412 tu
1183 3377 1304 3413 mox
1357 3375 1580 3412 exsere
1624 3361 1802 3425 jussa
1854 3357 2171 3424 libens“¹³).
2250 3358 2359 3410 Nec
2402 3360 2538 3424 apud
2625 3396 2633 3400 -

562 3561 645 3628 ¹³)
681 3564 792 3616 Nec
838 3573 979 3615 recte
1024 3560 1242 3618 sensisse
1290 3567 1486 3616 videtur
1529 3567 1773 3626 «Iahnius,
1830 3566 1916 3629 qui
1949 3566 2088 3631 ‚apud
2124 3563 2536 3616 Censorinum

419 3631 487 3685 D.
531 3629 704 3688 Natal.
739 3635 773 3683 4
816 3650 865 3699 p.
906 3634 994 3693 13,
1033 3637 1088 3686 1:
1145 3651 1268 3697 „nec
1304 3650 1410 3686 non
1443 3635 1496 3684 in
1532 3650 1657 3699 agro
1694 3633 2053 3697 Tarquiniensi
2087 3648 2216 3699 puer
2251 3633 2430 3682 dicitur
2464 3634 2538 3682 di-

418 3701 564 3751 vinus
602 3711 910 3752 exaratus
946 3703 1149 3752 nomine
1183 3702 1383 3768 Tages“
1423 3709 1596 3752 contra
1632 3705 1861 3752 codicum
1899 3701 2121 3752 Darmst.
2158 3701 2325 3751 Vatic.
2361 3709 2536 3750 aucto-

419 3769 644 3820 ritatem:
682 3771 989 3820 divinitus
1026 3779 1335 3822 exoratus
1373 3771 1553 3836 (marg.
1579 3767 1865 3834 exortus)
1890 3767 2205 3820 Lachmanni
2230 3771 2541 3821 sententiae:

423 3837 756 3898 „divinus“
796 3838 921 3888 favit
953 3838 1130 3902 (qnam
1158 3841 1462 3890 sententiam
1493 3841 1602 3904 ipse
1636 3839 1902 3888 verborum
1938 3839 2086 3892 ordo:
2130 3854 2323 3903 „puer
2357 3839 2539 3888 dicitur

326 3947 336 3958 .
421 3907 480 3954 di
492 3907 550 3954 vi
565 3919 598 3954 n
610 3923 646 3955 u
657 3921 681 3956 s
695 3907 720 3932 ‘⁴
771 3905 992 3972 respuit)
1039 3909 1478 3973 comprobavitque
1525 3907 1787 3958 Guilielmi
1840 3914 2175 3957 commentum
2220 3923 2247 3957 e
2258 3924 2295 3956 x
2307 3923 2338 3957 a
2348 3923 2371 3955 r
2382 3923 2413 3956 a
2422 3915 2485 3957 tu
2498 3923 2536 3956 s.

418 3972 526 4022 Vix
563 3977 696 4024 enim
733 3976 953 4026 dubitari
987 3985 1174 4041 potest,
1213 3979 1337 4040 quin
1373 3977 1459 4040 qui
1498 3991 1643 4038 „cum
1681 3985 1820 4025 terra
1854 3985 2085 4025 araretur
2120 3984 2170 4025 et
2192 3975 2361 4026 sulcus
2387 3976 2537 4026 altius

419 4049 554 4093 esset
588 4043 886 4108 impressus,
935 4045 1267 4095 exstitisse
1312 4043 1613 4110 repente“
1655 4044 1835 4093 dicitur
1870 4059 1900 4092 a
1936 4041 2179 4094 Cicerone
2214 4045 2275 4093 de
2312 4043 2431 4094 Div.
2456 4043 2535 4096 11.

419 4111 511 4170 23,
561 4111 726 4161 subito
765 4112 1116 4164 exsiluisse
1155 4128 1220 4162 ex
1257 4113 1418 4176 glebis
1455 4111 1649 4162 terrae“
1690 4128 1721 4162 a
1757 4109 2043 4162 Scholiasta
2060 4111 2253 4166 Lucan.
2290 4112 2331 4161 I.
2354 4113 2452 4163 637
2488 4128 2538 4176 p.

417 4179 484 4228 99
537 4177 620 4242 (ut
660 4176 928 4231 claudian.
988 4181 1031 4232 1.
1086 4181 1202 4232 Stil.
1262 4183 1376 4232 320.
1455 4179 1583 4233 Seu.
1645 4180 1775 4231 Oed.
1834 4183 1959 4232 587:
2023 4181 2261 4246 „proiluit
2319 4177 2533 4232 cohors“

417 4246 481 4296 cf.
518 4247 712 4301 Lucan.
744 4247 837 4300 IV.
876 4251 972 4301 551
1012 4248 1268 4314 emicuit),
1323 4267 1354 4300 a
1389 4246 1672 4300 Censorino
1707 4261 1961 4300 narretur:
2000 4250 2288 4300 divinitus
2326 4263 2536 4300 exser-

415 4313 556 4434 tnrs:
590 4315 660 4434 pf.
699 4314 848 4367 Ovid.
884 4317 1013 4371 Met.
1048 4317 1118 4368 X.
1157 4319 1282 4370 5042
1337 4318 1635 4382 quaeritque
1669 4319 1799 4368 viam
1837 4315 2081 4382 (infans),
2118 4333 2219 4381 qua
2254 4333 2308 4369 se
2346 4343 2404 4353 -
2446 4331 2535 4366 ex-

413 4399 470 4434 se
533 4399 587 4434 re
613 4421 624 4434 .
