3234 4967
29 4794 43 4846 *¹-

1257 412 1413 478 Oonj
1431 420 1539 469 eet.
1573 412 1751 465 XVII.
2466 412 2576 463 247

433 584 636 663 μου..
687 585 786 638 VI.
839 587 903 641 59
938 596 1006 653 φ.
1046 568 1127 643 ιὀ,
1195 584 1370 636 Barth.
1411 583 1534 637 sav.
1573 582 1673 633 111.
1714 585 1760 643 1,
1800 585 1902 637 124-
1932 598 1985 649 p..
2022 583 2123 635 284
2178 580 2242 633 ef.
2278 582 2441 647 rhet.
2478 581 2575 637 xv,

441 674 570 723 780:
604 672 849 736 ponitque
886 678 1235 735 negantem
1273 670 1510 719 Floribus
1549 667 1825 731 aggestis“,
1858 668 1947 717 ubi
1984 667 2155 717 Lact.:
2215 653 2501 731 negantem
2525 668 2577 715 id

442 765 516 806 est
551 756 762 805 invitum
823 764 874 805 et
931 752 1298 805 recusantem.“
1363 752 1425 803 ef.
1464 752 1588 803 VII.
1628 755 1752 817 766:
1823 768 1919 803 nec
1966 753 2165 803 insisti
2202 752 2431 801 madidus
2468 754 2579 801 dat

444 840 624 894 temo.“
698 841 798 901 ΙΙΙ,
837 842 966 891 550:
1023 838 1170 889 coelo
1207 846 1430 887 mentem
1469 838 1743 887 insertasse
1780 838 2045 887 vetanti.
2117 835 2212 885 v1.
2253 836 2377 887 323:
2450 836 2577 887 No·

440 916 769 992 len'tesque
831 926 920 975 teri
983 939 1154 975 zonas.
1229 922 1374 975 Ovid.
1415 922 1540 979 Her.
1576 922 1728 980 XIV.
1770 924 1859 973 26:
1933 922 2168 982 „Dantur
2226 915 2281 971 in
2332 923 2579 971 invitos

443 1010 596 1075 impia
631 1014 742 1057 tura
777 1009 1002 1061 focosf‘
1075 1008 1216 1059 Cort.
1254 1007 1447 1060 Lucan.
1489 1006 1554 1057 V.
1603 1009 1703 1058 684
1764 1024 1811 1071 p.
1862 1008 1959 1057 675
2011 1015 2084 1067 et,
2144 1020 2209 1067 ne
2270 1006 2580 1055 contrarium

441 1109 600 1161 genus
637 1102 969 1159 praeteream,
1007 1093 1098 1144 Sil.
1135 1093 1234 1143 XI.
1270 1094 1396 1145 445:
1469 1092 1552 1151 „in
1589 1108 1761 1142 muros
1806 1092 2038 1159 posuisse
2074 1090 2368 1141 volentia
2402 1086 2575 1147 saxa.“

444 1180 620 1229 Heius.
662 1177 808 1228 Ovid.
849 1180 976 1229 Met.
1014 1178 1085 1228 11.
1126 1180 1221 1227 128
1259 1194 1311 1241 p.
1351 1178 1448 1227 103
1487 1185 1538 1225 et
1571 1176 1813 1227 Prudent.
1852 1176 2023 1227 Praef.
2064 1172 2293 1226 Cathem.
2333 1177 2397 1227 22
2436 1192 2485 1240 Ρ.
2508 1173 2581 1239 5),

443 1260 654 1315 Thulen
691 1272 926 1313 nautae
963 1264 1210 1314 intrare
1247 1270 1582 1325 negantem
1620 1260 1737 1325 (Sil.
1772 1262 1813 1310 1.
1856 1262 1979 1311 520:
2042 1273 2325 1325 corpusque
2362 1261 2581 1325 superbo

444 1349 700 1397 Victori
738 1348 1030 1413 spoliare
1073 1348 1390 1413 negant“).
2167 1390 2168 1394 ,

581 1434 678 1483 Hic
715 1448 834 1482 vero
869 1433 970 1482 alia
1006 1434 1252 1497 quaedam
1290 1432 1540 1481 dubitatio
1576 1432 1803 1495 injicitur
1841 1446 1901 1478 ea
1934 1444 2009 1493 re,
2070 1430 2212 1492 cujus
2251 1430 2443 1479 nullam
2481 1430 2581 1482 Im-

444 1520 610 1568 hofius
671 1519 847 1567 habuit
906 1519 1169 1569 rationem.
1242 1518 1474 1580 Namque
1537 1516 1843 1579 optimorum
1906 1515 2149 1565 librorum
2208 1514 2371 1568 Rehd.
2412 1514 2579 1566 Parm.

444 1605 570 1652 haec
609 1608 684 1651 es't
719 1603 1082 1668 discrepantia:
1145 1602 1436 1666 fessusque
1473 1602 1783 1667 Hyperione.
1863 1599 2011 1649 Unde
2050 1601 2253 1649 videtur
2290 1614 2393 1651 non
2432 1599 2581 1652 dubie

445 1688 663 1751 intelligi
703 1688 940 1751 nigram
981 1688 1232 1737 Thulen
1271 1685 1365 1751 (sic
1405 1688 1539 1736 enim
1577 1692 1726 1735 vocat
1760 1686 1867 1749 ipse
1906 1684 2099 1735 Statius
2136 1685 2260 1735 silv.
2298 1684 2393 1737 IV.
2429 1686 2477 1745 4,
2500 1685 2581 1746 62.

447 1756 629 1833 mss,
667 1774 747 1821 20.
822 1773 999 1821 Barth.
1039 1788 1088 1837 p.
1127 1772 1252 1835 337)
1289 1772 1560 1843 significari
1601 1772 1698 1820 hac
1738 1771 1957 1821 ratione=
2002 1770 2074 1819 illi
2114 1770 2296 1830 „ludus
2332 1766 2429 1817 fuit
2466 1769 2583 1817 hor.

447 1858 629 1908 rondes
667 1872 894 1907 recessus
933 1857 1230 1923 penetraijc“
1293 1854 1588 1918 (Claudian.
1628 1853 1739 1915 See.
1782 1854 1935 1908 Cous.
1976 1855 2092 1907 Stil.
2136 1856 2231 1905 156
2269 1854 2335 1905 ef.
2372 1854 2428 1905 Β.
2469 1851 2583 1904 Get.

447 1928 566 2006 ²203)
629 1949 679 1991 et
737 1942 923 1991 intrare
969 1942 1178 1991 Thulen
1237 1942 1462 2005 quamvis
1523 1940 1762 1993 intructi
1820 1947 2177 2003 negantem,
2220 1946 2582 2003 ‘negantem

446 2020 616 2078 aute-tn
654 2028 764 2093 ipso
809 2028 924 2093 ‘situ
984 2042 1044 2075 ac
1104 2014 1394 2091 caligine
1441 2028 1563 2075 inde
1598 2037 1923 2091 perpetua
1986 2034 2047 2075 ct
2104 2026 2389 2089 propria,
2450 2024 2586 2087 quod

445 2113 690 2162 occiduos
727 2112 909 2161 fluctus
947 2112 1166 2161 fessus
1202 2112 1400 2161 demum
1435 2112 1637 2175 attingit
1650 2110 1921 2179 Hyperiou
1960 2107 2051 2175 (cf.
2085 2109 2326 2159 Bochart.
2358 2105 2518 2158 Chen.
2540 2108 2583 2157 I.

447 2199 516 2247 40
552 2214 598 2262 p.
639 2200 749 2247 727.
793 2196 902 2259 0.):
941 2207 1298 2261 „quantusque
1336 2206 1606 2262 negantem
1632 2196 1897 2245 Fluctibus
1924 2195 2149 2245 occiduis
2188 2193 2347 2263 sesso
2385 2208 2589 2257 usque

447 2282 747 2347 Hyperione
819 2282 1020 2331 Thulen
1077 2281 1360 2331 -Intrarit.“
1469 2282 1755 2345 Verborum
1830 2281 2036 2343 quidem
2109 2279 2242 2327 hunc
2314 2278 2581 2329 ordinem:

447 2368 842 2427 „Fluctibus
881 2368 1106 2417 occiduis
1143 2368 1274 2417 sesso
1313 2382 1473 2437 uisque
1511 2366 1924 2431 Hyperione“
1986 2364 2377 2429 reprehensione
2414 2378 2587 2412 carere

448 2453 686 2517 exempla
723 2454 910 2501 docent
946 2459 1192 2517 congesta
1229 2468 1260 2501 a
1297 2453 1589 2501 Burmanno
1630 2450 1778 2501 Ovid.
1817 2450 1941 2501 Met.
1979 2449 2131 2501 XIII.
2170 2450 2268 2499 216
2312 2466 2362 2513 Ρ.
2400 2450 2499 2499 873
2537 2458 2589 2497 et

448 2534 692 2602 Calpurn.
731 2538 916 2601 Eclog.
956 2537 998 2586 1.
1037 2540 1102 2589 56
1138 2554 1186 2603 p.
1227 2539 1329 2591 553.
1365 2546 1414 2587 et
1452 2538 1598 2601 Virg.
1638 2536 1769 2587 Aen.
1793 2534 1941 2588 VIII.
1982 2536 2082 2584 426
2118 2551 2168 2601 p.
2188 2535 2289 2583 320
2326 2541 2377 2583 et
2397 2534 2586 2587 Lucan.

447 2621 544 2672 IX.
583 2624 681 2672 927
737 2640 787 2687 p.
825 2624 925 2672 680
979 2631 1129 2688 atque
1165 2622 1483 2687 Wopkensio
1539 2622 1733 2673 Justin.
1787 2621 1865 2669 IX
1921 2622 1967 2682 7,
2008 2622 2069 2669 12
2124 2636 2173 2684 Ρ.
2212 2620 2277 2671 99
2326 2618 2391 2669 ef.
2429 2617 2589 2670 Gron.

448 2706 558 2755 Liv.
595 2706 797 2755 XXXI.
840 2710 883 2767 1,
923 2710 968 2758 6.
1041 2708 1181 2760 Cort.
1219 2707 1412 2757 Lucan.
1451 2708 1552 2757 ΙΙΙ.
1589 2709 1692 2757 410
1742 2723 1789 2771 p.
1830 2708 1944 2759 377,
2018 2705 2201 2757 Matth.
2242 2703 2349 2755 Cic.
2387 2706 2587 2758 Mareu.

447 2793 534 2854 40,
572 2795 634 2853 87
673 2809 722 2857 Ρ.
761 2794 876 2843 226.
909 2778 914 2781 ’
949 2791 1066 2859 Seu.
1103 2794 1240 2847 Med.
1280 2794 1407 2843 641:
1455 2793 1633 2841 Tabe
1671 2799 1961 2841 consumtus
1998 2791 2185 2855 gemini
2222 2791 2417 2850 cruoris
2452 2790 2589 2841 Mu-

449 2891 602 2927 nere
638 2877 880 2941 nuptae.“
951 2878 1144 2929 Lucan.
1182 2880 1220 2931 1.
1264 2881 1388 2928 104:
1454 2879 1745 2937 miserando
1806 2876 2037 2927 funere
2094 2874 2309 2925 Crassus
2346 2876 2589 2941 Assyrias

448 2960 602 3012 Latio
657 2963 929 3011 maculavit
982 2964 1300 3027 sauguine
1359 2964 1592 3013 Carras.“
1668 2962 1937 3013 Claudian.
1974 2960 2114 3010 Eutr.
2152 2962 2191 3011 I.
2233 2963 2357 3012 117:
2428 2961 2591 3025 qualis

447 3048 624 3111 gelidis
675 3048 894 3112 pluma
946 3048 1146 3096 labente
1201 3050 1458 3114 pruinis
1498 3048 1721 3098 Arboris
1774 3048 2058 3095 immoritur
2112 3054 2293 3095 trunco
2347 3036 2590 3095 brumalis

445 3131 718 3182 hirundof‘
788 3132 1020 3183 11.312·:
1077 3134 1295 3183 sinuatis
1329 3132 1598 3183 flamine
1635 3132 1880 3197 pen-nis
1956 3130 2423 3195 Coripp..10.111.
2468 3131 2591 3180 158:

449 3216 650 3278 „Cacus
688 3224 740 3266 et
773 3217 878 3267 He·-
883 3219 1048 3287 culeis,
1081 3220 1330 3267 cariturus
1365 3219 1509 3267 luce
1547 3217 1853 3266 lacertis“
1890 3225 1940 3265 et
1976 3232 2107 3280 quae
2144 3215 2393 3285 Emendd
2436 3214 2591 3279 Prop.

446 3299 541 3354 IV
581 3302 611 3351 3
647 3293 981 3365 proferemus
1055 3302 1164 3353 Nec
1202 3320 1323 3353 vexo
1361 3305 1459 3353 hoc
1498 3304 1600 3351 ad'
1586 3318 1747 3369 ipsam
1787 3310 1966 3367 poetae
2008 3302 2311 3365 elegantiam
2350 3299 2472 3349 satis
2509 3315 2592 3349 ac-

449 3386 768 3436 commodate
835 3389 1182 3450 excogitatum
1247 3390 1436 3451 judico,
1551 3389 1761 3449 Quanto
1836 3388 2008 3451 plures
2070 3386 2295 3437 veritatis
2353 3401 2594 3436 numeros

447 3472 602 3521 habet
653 3472 780 3521 haec
831 3474 1108 3521 sententia:
1181 3474 1348 3535 disce,
1399 3482 1629 3539 quantus
1684 3473 1956 3526 fluctibus
1976 3473 2199 3522 occiduis
2256 3485 2459 3533 usque
2517 3471 2594 3520 ad

447 3553 679 3606 fessum
732 3556 1116 3629 Hyperiona
1171 3560 1275 3608 sive
1333 3560 1397 3607 ad
1438 3552 1762 3623 Hesperium
1818 3556 1955 3633 Solis
2011 3556 2177 3607 cubile
2234 3553 2385 3621 (Hor.
2425 3554 2594 3617 Carm.

447 3642 543 3691 IV.
593 3642 793 3705 15,16
857 3640 922 3691 cf.
984 3643 1110 3693 Stat.
1151 3644 1313 3697 Theb
1357 3642 1422 3693 V.
1477 3642 1608 3705 477)
1672 3626 1968 3694 mandata
2032 3656 2264 3707 gerens
2324 3648 2593 3703 negantem

449 3726 656 3780 Thulen
693 3728 926 3779 intrarit:

1484 3855 1809 3914 quantusque
1846 3856 2118 3913 negantem

689 3933 955 3983 Fluctibus
993 3935 1218 3984 occiduis
1253 3933 1431 3985 sessu
1447 3948 1493 3982 m
1533 3950 1695 4001 usqu
1711 3950 1736 3983 e
1772 3935 2147 3999 Hyperiona
2184 3932 2391 3983 Thulen

688 4018 894 4068 Intrarit
931 4021 1163 4068 mandata
1203 4034 1410 4084 gerens.

451 4154 616 4215 Quam
671 4156 971 4205 sententiam
1026 4157 1328 4219 consequuti
1387 4170 1561 4207 sumus
1615 4170 1774 4223 parvo
1830 4154 2117 4207 molimine}
2187 4156 2409 4223 infinitae
2464 4156 2597 4206 enim

451 4256 647 4305 operae.
675 4239 825 4302 foret,
887 4242 926 4291 si
963 4242 1044 4290 vel
1082 4256 1263 4291 vocum
1300 4242 1422 4293 fune
1439 4256 1504 4291 ra
1541 4246 1593 4291 et
1615 4241 1751 4299 ⁴sune
1766 4258 1853 4303 re,
1890 4253 2123 4307 pectora
2159 4251 2209 4291 et
2244 4249 2470 4307 pectore
2507 4239 2597 4304 (cf.

451 4327 624 4377 adnot.
661 4322 841 4390 Eclog.
881 4343 926 4377 v.
965 4325 1056 4390 53)
1094 4329 1460 4391 permixtarum
1497 4328 1737 4392 exempla
1771 4328 2017 4381 vellemus
2052 4342 2371 4392 percensere.
2442 4327 2596 4377 Recte

451 4422 620 4461 autem
659 4414 757 4462 diei
793 4412 884 4463 fes
901 4429 1032 4463 sum
1070 4428 1273 4476 usque
1313 4414 1699 4479 Hyperiona
1736 4416 1886 4463 docet
1910 4414 2187 4463 Thebaidis
2224 4413 2366 4462 locus
2384 4411 2477 4464 XI.
2506 4413 2597 4461 88:
