3234 4967
670 365 755 433 98
904 382 909 388 ·
1564 360 1788 423 Adnol.
1835 368 1920 423 59.

671 576 763 640 sic
808 574 1186 661 descripsit}
1274 573 1379 655 „0
1435 573 1704 638 nimium
1765 571 2003 656 felix,
2076 574 2340 649 nimium
2403 574 2702 648 crudelis
2758 584 2828 640 et

670 702 907 768 expers
952 679 1218 767 Imperii
1261 680 1523 745 fortuna
1568 682 1696 761 tui,
1769 680 1878 767 qui
1949 679 2166 745 dicere
2221 679 2438 767 legem
2495 680 2818 763 Fletibus,

670 797 785 851 aut
813 785 1008 851 finem
1034 784 1234 851 audet
1260 806 1526 849 censere
1554 784 1833 849 dolend
1849 785 1892 849 i.
1925 784 2233 851 Incitat
2259 784 2446 875 (heu)
2471 784 2822 877 planctus“

668 878 771 957 his
816 916 881 981 p.
914 881 1059 956 479'
1080 890 1347 957 additis:
1398 892 1537 974 „uti
1573 890 1845 955 distinxi
1900 892 1991 957 ita
2024 900 2275 957 certum
2309 900 2409 959 est
2437 891 2816 979 legendum.

669 997 890 1065 Simile
948 995 1195 1085 aliquid
1253 999 1321 1062 in
1366 997 1621 1063 Seneca
1667 996 2046 1077 habemus.“
2162 996 2254 1063 At
2299 997 2644 1065 Barthius:
2714 999 2821 1082 „O

668 1105 941 1171 nimium
986 1103 1232 1187 felix,
1280 1105 1549 1169 nimium
1598 1101 1938 1189 crudelis,
1989 1114 2065 1168 et
2111 1126 2353 1199 expers
2400 1143 2488 1154 --
2533 1106 2659 1187 tui,
2711 1106 2824 1193 qui

672 1252 758 1261 —-
836 1198 1177 1293 dolendi,
1224 1211 1317 1276 In
1330 1213 1533 1276 citat“
1549 1262 1566 1294 ,
1649 1210 2078 1277 Marklandus
2154 1210 2675 1299 Duebnerusque
2755 1223 2821 1277 et

674 1318 1011 1401 Queckius
1044 1325 1270 1383 autem
1320 1319 1446 1383 sic:
1497 1317 1556 1383 O
1590 1318 1860 1383 nimium
1893 1316 2130 1400 felix,
2178 1318 2448 1383 nimium
2481 1304 2822 1399 crudelis,

672 1421 747 1488 e't
818 1422 1159 1505 (crudelis
1208 1433 1287 1487 et
1334 1422 1701 1512 Queckius)
1751 1444 1992 1511 expers
2037 1461 2125 1471 —-—
2171 1426 2298 1506 tui,
2364 1424 2476 1513 qui
2533 1424 2824 1494 dolendi!

673 1527 1031 1617 (dolendi.
1080 1530 1389 1618 Veenh.).
1464 1531 1672 1615 Quasi
1721 1553 1879 1596 vero
1928 1530 2129 1596 lateat
2175 1531 2406 1595 falsum
2464 1553 2606 1597 esse
2653 1532 2824 1597 istud

671 1636 1003 1725 nimium
1056 1634 1249 1701 felix:
1320 1659 1533 1725 neque
1607 1638 1778 1701 enim
1850 1639 1961 1723 qui
2029 1638 2352 1729 nimium
2421 1636 2642 1703 felix
2707 1648 2823 1725 est,

672 1752 851 1809 recte
901 1742 1142 1807 dicitur
1174 1743 1495 1807 nimium
1560 1741 1960 1825 crudelis,
2034 1742 2151 1807 scd
2181 1744 2320 1830 ipse
2353 1743 2429 1825 is,
2479 1744 2591 1831 qui
2622 1742 2828 1807 felix

675 1858 775 1913 est
823 1844 927 1936 (ut
974 1848 1136 1913 Silv.
1184 1849 1273 1945 Π.
1324 1850 1385 1931 6,
1440 1852 1508 1913 1:
1560 1848 1817 1915 Saeve
1865 1850 2136 1932 nimis,
2198 1847 2483 1915 lacrimis
2532 1850 2827 1937 quisquis

674 1954 1052 2042 discrimina
1107 1955 1299 2042 ponis
1357 1954 1792 2041 Lugendique
1855 1954 2186 2029 modos“).
2295 1953 2488 2020 Unde
2551 1938 2830 2049 appetet

674 2061 778 2125 hic
826 2083 1084 2150 quoque
1137 2060 1229 2148 (v.
1280 2060 1500 2127 adnot.
1538 2085 1599 2123 v.
1654 2060 1767 2149 19)
1800 2060 2320 2127 describentibus
2365 2060 2582 2127 fraudi
2628 2060 2826 2127 fuisse

674 2166 1200 2233 recordationem
1251 2164 1475 2231 talium
1521 2166 1845 2251 locorum,
1916 2166 2140 2255 quales
2212 2176 2363 2237 sunt
2419 2166 2567 2233 Sen.
2625 2167 2824 2235 Herc.

676 2262 826 2337 Oet.
903 2272 1104 2337 1778:
1186 2294 1224 2336 o
1293 2273 1532 2337 nimis
1602 2271 1836 2357 felix,
1907 2274 2128 2355 nimie,
2202 2267 2512 2339 Thebane
2559 2276 2817 2363 conjux.

680 2378 883 2444 1803:
946 2364 1073 2467 pro
1115 2379 1355 2443 nimis
1401 2377 1640 2461 felix,
1709 2379 1966 2444 nimis“.
2037 2378 2186 2444 Val.
2235 2378 2380 2464 Cat.
2428 2377 2575 2444 Eel.
2624 2381 2693 2445 9:
2767 2378 2826 2444 Ο

676 2466 1092 2549 fortunati
1138 2486 1532 2549 nimium“.
1629 2484 1824 2573 Prop.
1871 2486 1960 2551 II.
2011 2487 2128 2567 23,
2189 2486 2308 2549 99:
2379 2484 2438 2550 O
2501 2486 2828 2550 nimium

673 2602 903 2657 nostro
952 2590 1207 2656 felicem
1256 2600 1553 2679 tempore
1600 2592 1956 2657 Romam.“
2003 2590 2150 2655 val.
2199 2590 2420 2657 Flacc.
2468 2591 2617 2657 VIl.
2665 2592 2827 2657 336:

598 2772 603 2777 ⁸
678 2696 736 2761 O
783 2697 1114 2761 nimium
1150 2697 1448 2784 jucunda
1496 2697 1681 2761 dies“
1729 2696 1812 2761 cf.
1860 2696 2103 2773 Markl.
2159 2695 2317 2763 Silv.
2366 2698 2456 2763 ΙΙ.
2508 2698 2576 2779 7,
2626 2697 2713 2761 24
2761 2719 2826 2783 p.

678 2802 833 2867 252.
881 2802 1101 2877 Hand..
1174 2802 1453 2868 Tui-sell.
1502 2804 1606 2869 ΙΙΙ.
1679 2827 1741 2889 p.
1814 2804 1920 2866 68.
1978 2802 2088 2866 Iv.
2149 2825 2212 2889 p.
2263 2803 2413 2866 209.
2463 2804 2613 2867 213.
2661 2802 2826 2867 Stat.

580 2908 837 2974 asilv.
886 2910 992 2975 Ill.
1042 2912 1103 2991 3,
1154 2910 1267 2997 25:
1315 2908 1555 2974 Felix
1603 2917 1670 2972 et
1716 2908 2080 2991 nimium,
2130 2907 2368 2973 Felix
2428 2908 2575 2997 (ubi
2620 2908 2731 2994 qui
2786 2929 2825 2971 a

680 3014 889 3080 doctis
942 3013 1199 3081 silentio
1246 3015 1590 3105 praeteriti
1638 3024 1820 3097 sunt,
1871 3025 1992 3079 ter
2041 3015 2365 3080 nimium
2410 3014 2720 3081 Heinsius
2767 3023 2832 3078 et

680 3122 1101 3187 Burmannus
1148 3120 1347 3186 Anth.
1396 3122 1545 3187 Lat.
1606 3122 1728 3187 lv.
1782 3122 1884 3203 13,
1937 3122 2018 3185 19
2065 3144 2130 3209 p.
2183 3122 2295 3204 10,
2358 3120 2509 3185 heu
2562 3121 2830 3185 nimium

678 3229 1103 3294 Burmannus
1174 3228 1358 3315 Virg.
1441 3226 1606 3293 Aen.
1679 3228 1791 3293 lV.
1841 3226 1967 3291 657
2039 3250 2103 3315 p.
2174 3227 2304 3291 586
2374 3226 2831 3313 praestabilius

680 3335 1032 3418 duxerunt,
1082 3356 1311 3400 vocem
1359 3345 1437 3399 et
1481 3336 1714 3399 merito
1762 3335 2032 3399 retinuit
2068 3333 2332 3399 Cortius
2367 3316 2616 3401 Lucanss
2651 3333 2826 3399 VllI.

684 3442 809 3505 139
860 3466 923 3529 p.
976 3443 1104 3507 293
1152 3442 1233 3506 cf.
1269 3440 1441 3507 Oud.
1476 3441 1676 3529 Apul.
1709 3441 1869 3507 Met.
1905 3440 2051 3505 VlI.
2100 3464 2165 3528 p.
2213 3437 2395 3528 450).
2432 3438 2584 3505 add.
2619 3438 2825 3505 Theb.

678 3547 824 3612 VII.
874 3548 1033 3613 547:
1079 3548 1232 3613 Heu
1278 3546 1609 3612 nimium
1656 3547 1848 3611 mitis.
1902 3544 2137 3610 Achill.
2171 3546 2241 3608 ll.
2296 3546 2456 3611 323:
2503 3547 2741 3611 nimis
2789 3568 2827 3611 o

682 3676 999 3743 suspensa
1042 3655 1361 3741 nimisque
1410 3653 1692 3719 Mater.“

853 3760 1036 3848 Ergo
1070 3771 1137 3826 et
1167 3759 1506 3849 praeclaro
1520 3762 1662 3849 jam
1688 3767 2074 3847 argumento
2102 3754 2428 3821 stabilitur
2453 3756 2828 3843 conjectura

679 3890 877 3955 supra
934 3892 999 3931 v.
1063 3867 1147 3931 58
1197 3868 1264 3931 in
1310 3866 1484 3932 hunc
1529 3865 1829 3931 modum:
1882 3864 2106 3929 More
2153 3848 2604 3926 hominum‘²
2649 3859 2824 3927 nullo

679 3975 945 4059 negotio
985 3976 1161 4040 facta
1192 3972 1613 4061 (documento
1647 3972 1819 4037 enim
1867 3979 2019 4035 sunt
2051 3967 2157 4034 vel
2187 3969 2450 4035 nomina
2482 3967 2824 4032 omnium

680 4089 747 4143 et
792 4080 1133 4144 animum
1183 4081 1352 4145 inter
1398 4102 1468 4144 se
1514 4080 1844 4167 permixta
1900 4076 2224 4143 Schwarz.
2294 4072 2460 4139 Plin.
2507 4073 2666 4138 Pan.
2716 4071 2823 4154 94,

678 4187 719 4247 2
766 4209 828 4272 p.
876 4186 1029 4250 481.
1121 4185 1391 4251 Bossch.
1438 4185 1633 4273 Apol.
1666 4183 1861 4271 Apol.
1911 4207 1973 4271 p.
2022 4181 2182 4270 561)
2229 4190 2297 4246 et
2341 4178 2502 4246 illud
2549 4186 2826 4267 apparet

679 4302 874 4377 atque
923 4300 1107 4356 extat
1152 4292 1327 4357 hunc
1374 4314 1516 4357 esse
1550 4291 2019 4357 sententiarum
2069 4288 2393 4355 ordinem:
2444 4286 2620 4369 „Qui
2668 4281 2824 4347 felix
2903 4342 2912 4349 .

681 4409 805 4480 est,
854 4395 1030 4463 idem
1062 4398 1332 4461 nimium
1364 4396 1650 4462 crudelis
1684 4406 1783 4459 est
1817 4405 1882 4458 ct
1914 4396 2023 4481 qui
2057 4395 2172 4476 tui,
2206 4394 2520 4473 Fortuna,
2567 4390 2828 4477 imperii
