3234 4967
1123 353 1451 418 Corrigenda.
1524 352 1795 407 Addenda.
2413 318 2525 405 5291

867 526 1048 574 doetus
1092 538 1186 575 suo
1230 540 1366 575 more
1412 541 1472 575 ae
1519 527 1673 577 modo
1710 531 2086 590 argumentatus
2124 531 2205 575 est
2238 541 2286 589 p.
2326 525 2426 575 263
2463 524 2527 574 de

869 608 1146 661 Consentio
1195 612 1258 658 de
1302 612 1455 660 Barb.
1504 618 1554 660 et
1597 613 1811 676 MetapL
1856 614 1905 662 9.
1950 614 2030 665 31.
2120 608 2453 673 „Consentius
2496 610 2528 659 9

869 697 940 745 ait
983 696 1138 759 siquis
1177 696 1360 744 audeat
1405 696 1629 746 admissa
1662 698 1913 747 dihaeresi
1950 699 2021 747 sie
2056 692 2266 745 eludere
2302 710 2527 744 versum:

869 781 1122 831 dixisse
1183 780 1499 830 Phoebum
1561 782 1732 845 utique
1790 782 2153 831 barbarismum
2214 794 2347 839 esse,
2408 780 2529 842 quia

869 867 1178 915 auctoritate
1223 866 1439 919 deficiat.
1508 866 1887 933 ,Iam-apparet
1932 882 2036 917 non
2076 866 2303 931 potuisse
2354 864 2419 913 ab
2466 878 2529 913 eo

870 951 1022 999 tribui
1073 952 1136 999 31
1209 950 1421 999 Lucano
1475 950 1773 1013 gravissimo
1818 958 1997 1015 poetae
2018 968 2025 973 ·
2045 953 2182 1013 quod
2226 950 2352 1000 alias
2394 948 2531 998 dicat

841 1036 1141 1085 barbarum
1195 1044 1246 1085 et
1300 1036 1538 1101 exemplo
1589 1033 1858 1086 vacuum“.
1947 1036 2177 1099 Egregia.
2225 1050 2348 1085 vero
2399 1034 2531 1083 haee

873 1120 983 1183 ejus
1015 1120 1393 1185 perspicacitaS,
1430 1120 1516 1185 qui
1541 1121 1679 1185 quod
1703 1134 1893 1170 nomen
1918 1118 2226 1171 Consentius
2253 1118 2531 1184 reprehen-

867 1206 940 1256 dit
967 1220 1000 1255 a
1020 1204 1234 1256 Lucano
1259 1204 1446 1255 nullo
1483 1206 1748 1255 auctore
1784 1206 2003 1270 positum
2027 1231 2091 1241 —
2117 1206 2336 1269 positum
2360 1212 2531 1256 autem

868 1291 922 1342 in
967 1306 1028 1340 eo
1073 1290 1328 1340 Heliacon
1364 1287 1693 1353 (Heliadas
1729 1304 2001 1355 perperam
2034 1295 2189 1340 vocat
2221 1286 2528 1353 Muellerus)

867 1376 1014 1435 loco,
1067 1390 1168 1439 quo
1222 1375 1396 1443 opinio
1456 1378 1777 1441 quorundam
1832 1376 2029 1425 Phoebi
2080 1390 2267 1426 nomeu
2320 1390 2352 1423 a
2405 1372 2533 1442 φάος

785 1472 792 1477 ·
870 1458 1062 1524 (Ειγω.
1108 1459 1180 1510 Μ.
1227 1476 1277 1525 p.
1326 1461 1448 1521 796,
1496 1459 1552 1523 5)
1602 1469 1652 1509 et
1686 1456 1789 1528 ἥβη
1826 1458 2030 1523 (Isidor.
2066 1460 2216 1512 VIII.
2255 1463 2337 1521 11,
2373 1460 2441 1511 54
2475 1476 2528 1523 p.

867 1546 967 1595 276
1012 1554 1204 1596 temere
1251 1547 1414 1597 omisa.
1464 1562 1494 1593 a
1537 1546 1711 1595 Pottio
1759 1542 1949 1596 Philol.
1997 1546 2128 1597 1862
2175 1544 2351 1610 Suppl.
2392 1543 2460 1597 ΙΙ.
2495 1545 2528 1593 3

871 1646 922 1693 p.
961 1628 1081 1694 302)
1107 1630 1296 1680 factum
1324 1645 1432 1680 esse
1454 1627 1805 1680 dictitantium
1830 1631 2131 1695 attingenda
2156 1645 2218 1681 eo
2240 1629 2351 1679 fere
2384 1630 2528 1680 insti-

870 1722 978 1766 tuto
1001 1714 1178 1776 fuerat,
1207 1717 1344 1779 quod
1371 1714 1606 1765 Ovidium
1630 1716 1684 1764 in
1700 1712 1875 1765 'Fastis
1900 1723 2169 1779 sequutum
2194 1715 2423 1765 videmus
2448 1737 2531 1774 ——,

867 1801 920 1852 id
957 1814 1144 1849 nomen
1181 1816 1213 1849 a
1247 1800 1460 1852 Lucano
1483 1801 1715 1864 {positum
1750 1800 1906 1850 fuisse
1940 1807 2108 1864 negat.
2142 1800 2311 1864 Ergo,
2363 1808 2423 1848 ut
2464 1800 2527 1847 de

863 1885 1120 1949 plurimiS,
1189 1899 1321 1947 quae
1388 1886 1441 1935 in
1474 1929 1479 1934 .
1511 1884 1711 1935 Cinnae
1742 1886 2140 1935 -eommentariis
2196 1884 2529 1950 proferentur,

870 1971 1117 2034 exemplis
1171 1986 1326 2020 unum
1379 1984 1677 2035 excerpam,
1740 1972 1954 2021 credent
1998 1970 2105 2033 jam
2160 1982 2340 2021 omnes
2394 1969 2530 2033 apud

870 2052 1086 2104 Cinnam
1134 2070 1238 2105 non
1281 2056 1470 2107 lectum
1513 2056 1675 2105 fuisse
1721 2057 1915 2105 tabist
1969 2056 2041 2105 sic
2087 2054 2221 2105 enim
2268 2062 2347 2104 est
2392 2054 2531 2119 apud

869 2136 1160 2189 Char-isium
1202 2140 1246 2189 Ι.
1290 2156 1340 2203 p.
1391 2142 1483 2199 73,
1534 2142 1659 2189 118:
1734 2138 1935 2201 ‘„Cinna
1979 2140 2033 2189 in
2078 2140 2295 2204 Smyrna
2342 2138 2530 2201 hujus

871 2224 1048 2273 tabis
1091 2223 1222 2273 dixit
1266 2224 1451 2275 nullo
1489 2222 1809 2277 auetore“.
1894 2223 2002 2275 Nee
2045 2240 2167 2273 vero
2213 2223 2531 2273 doctissimus

863 2307 1068 2370 juvenis
1103 2323 1208 2359 non
1241 2316 1534 2373 perceptum
1571 2311 1755 2369 habet,
1808 2312 1932 2373 quid
1976 2308 2530 2373 scripserit-'Lucanum

870 2394 1038 2442 Probe
1075 2394 1163 2455 qui
1200 2396 1446 2457 cognorit,
1482 2395 1669 2459 inquit,
1714 2396 2010 2456 Lucanum,
2062 2394 2105 2444 is
2148 2394 2353 2443 minime
2388 2391 2533 2441 dubi-

868 2477 996 2527 tabit
1039 2478 1271 2541 posuisse
1315 2476 1643 2530 Consentium
1688 2496 1781 2544 pro
1830 2480 2109 2529 dihaeresis
2146 2477 2387 2542 exemplo
2424 2477 2533 2527 Lu·

869 2564 982 2616 cani
1022 2563 1166 2615 illud
1219 2563 1284 2615 11.
1341 2565 1431 2614 51:
1485 2564 1805 2628 Aquilone
1852 2564 2121 2615 Suebos.
2194 2562 2402 2614 Scilicet
2442 2564 2533 2612 ubi

871 2649 1208 2713 corruptelam
1264 2650 1421 2698 traxit
1472 2647 1723 2699 Suebos
1777 2651 2029 2709 eandem,
2074 2664 2177 2714 qua
2228 2650 2281 2699 in
2332 2646 2535 2698 Horatii

867 2748 1017 2783 versu
1046 2735 1356 2789 ,traditumst
1401 2732 1570 2785 foetos
1615 2730 1711 2799 pro
1747 2750 1807 2785 eo
1844 2736 1984 2803 quod
2020 2742 2101 2784 est
2132 2742 2326 2795 suetos,
2378 2734 2534 2783 homo

765 2860 770 2865 .
868 2818 1002 2873 male
1037 2820 1336 2869 reeordatus
1370 2819 1508 2883 prius
1551 2820 1771 2884 positum
1817 2820 1977 2870 illud:
2024 2821 2279 2871 dixisse
2326 2819 2534 2868 Phoe-

869 2902 1005 2955 bum
1041 2915 1254 2966 parvum
1292 2918 1512 2953 errorem
1548 2904 1745 2967 ingenti
1781 2905 2007 2955 intendit·
2039 2904 2303 2970 peecato“.
2374 2903 2533 2953 Nimi-

867 3002 980 3041 rum
1013 2989 1181 3037 homo·
1209 2988 1457 3038 omnium·
1481 2996 1536 3039 et
1571 3004 1741 3038 rerum
1780 2998 1829 3040 et
1864 2991 2171 3053 scriptorum
2206 2990 2535 3053 guar-issimus

869 3074 969 3121 hoe
1022 3075 1133 3122 vult
1185 3082 1340 3136 atque
1395 3073 1586 3125 obtinet
1636 3074 1795 3125 fuisse
1847 3076 1967 3125 olim
2010 3067 2395 3139 grammatico&
2448 3076 2537 3139 qui

868 3160 1160 3222 ignorarent
1205 3173 1392 3209 nomen
1439 3176 1472 3209 a
1513 3159 1755 3222 Lucano,
1806 3158 1957 3210 Silio..
1986 3160 2079 3223 (V.
2122 3158 2267 3225 134),
2322 3158 2533 3220 Seneca,

871 3244 1187 3304 Claudiam,
1240 3245 1503 3305 Ausonio,
1556 3241 1769 3296 Sidonio
1803 3244 2014 3309 Apoll„
2054 3244 2148 3309 (V.
2184 3247 2302 3296 480.
2357 3244 2533 3295 Heius.

870 3330 1005 3382 Add.
1042 3330 1098 3378 in
1134 3324 1403 3382 Claudian.
1442 3330 1536 3380 Pr,
1569 3328 1941 3384 conssul-1.
1979 3333 2079 3381 190
2112 3346 2161 3395 p.
2200 3330 2349 3390 1019,
2386 3344 2535 3395 quem

868 3428 961 3461 aua
1005 3416 1312 3463 auctoritate
1333 3410 1537 3465 -obruit
1573 3414 2105 3481 Muellerus-p.·263)
2140 3415 2535 3480 frequentatum,

869 3506 1175 3563 usurparent
1217 3496 1515 3562 (memores,
1571 3502 1755 3561 eredo,
1812 3500 2104 3551 Luci-atiani
2157 3502 2377 3565 exempli
2432 3516 2533 3550 eo-

691 3598 697 3605 ·
767 3622 770 3629 .
870 3584 1024 3647 epit,
1063 3586 1198 3645 quod
1233 3584 1491 3648 praeteriit
1518 3583 1829 3649 Muellerus)
1866 3596 2195 3649 amarentque
2229 3574 2535 3636 voeabulum

872 3669 1264 3719 insolenter.ae
1310 3669 1479 3733 plane·
1505 3684 1643 3722 novo
1688 3672 1926 3735 exemplo
1970 3672 2140 3721 fictum
2184 3670 2534 3720 P-ho-ebos.

871 3754 1117 3817 Idemque
1155 3757 1240 3803 vel
1284 3754 1438 3806 tacito
1475 3754 1689 3807 arbitrio
1718 3757 1823 3823 hoe
1858 3756 2055 3806 obtinet
2088 3770 2191 3806 non
2230 3755 2405 3819 quaeri
2444 3756 2534 3805 de-

874 3840 1007 3899 bere,
1035 3855 1102 3889 an
1127 3842 1228 3890 duo
1255 3840 1607 3904 exemplorum
1643 3840 1787 3903 paria
1822 3842 2094 3904 protulerit
2130 3838 2431 3891 Consentius
2470 3867 2534 3877 —
2584 3850 2589 3855 '

783 3926 790 3933 ‘
865 3924 1101 3973 videntur
1138 3924 1277 3974 enim
1315 3925 1410 3973 sibi
1447 3927 1759 3989 respondere
1783 3926 1902 3976 hine
1926 3924 2124 3976 Horatii
2149 3928 2331 3981 verba:
2368 3925 2534 3976 ferae·

870 4023 969 4073 que
1017 4016 1272 4058 su-etae
1321 4017 1372 4058 et
1409 4008 1638 4073 Virgilii:
1674 4011 2066 4061 adsuescent
2100 4009 2190 4075 (ef.
2226 4012 2429 4062 Lucret.
2465 4010 2534 4061 11.

875 4094 990 4147 903.
1063 4095 1275 4145 Authol.
1313 4094 1427 4144 Lat.
1467 4096 1627 4156 1597,
1669 4097 1733 4145 10
1768 4112 1819 4161 p.
1857 4098 1975 4149 202.
2010 4112 2294 4147 su-emus
2328 4096 2534 4148 Lueret-

869 4180 912 4229 1.
951 4181 1033 4230 60,
1089 4179 1184 4231 VI.
1223 4180 1337 4230 954.
1388 4188 1693 4231 su-erunt
1729 4179 1838 4232 cic.
1873 4181 2020 4235 Arat.
2054 4182 2117 4233 fr.
2154 4182 2363 4233 XXVI.
2396 4198 2446 4247 p.
2486 4184 2533 4233 8.

872 4266 1154 4315 su-esoit
1188 4264 1319 4315 Bed.
1349 4264 1582 4317 Confliet.
1619 4266 1743 4317 Ver.
1784 4274 1834 4316 et
1855 4266 2021 4319 Hiem.
2063 4266 2169 4330 15),
2206 4268 2325 4316 inde
2361 4281 2531 4317 exem-

872 4352 962 4421 pla
997 4351 1150 4422 plane
1187 4352 1464 4423 singularia
1493 4351 1691 4409 Lucani
1724 4352 2059 4414 Pho-ahos
2093 4354 2177 4403 vel
2212 4350 2533 4410 Pha-ehoe
