3234 4967
1336 397 1616 463 ConJect.
1657 400 1725 451 V.
2505 392 2602 452 ‘179

464 576 701 636 prompta
738 570 1077 621 Mai-lelandus
1112 570 1215 621 his:
1266 571 1412 635 „quis
1450 572 1732 635 explicavit
1765 574 1866 623 ista
1903 580 2040 623 toto
2078 572 2260 622 mari?
2295 576 2432 638 quod
2471 573 2602 623 enim

466 654 540 705 ait
565 653 881 705 Gronoviuse
917 656 1066 705 mari
1089 657 1473 721 Vesuvioque
1512 656 1905 720 adjacentia,
1943 674 2011 708 ex
2045 658 2124 708 his
2143 658 2305 707 verbis
2330 672 2603 725 numquam

466 739 597 791 effici
632 748 802 805 potest
816 741 847 768 “
892 742 964 790 ita
1002 750 1055 791 ct
1091 740 1373 791 confutavit
1408 752 1460 792 et
1492 743 1826 808 improbavit,
1871 754 1930 801 nt
1976 744 2468 807 „depravatissimos
2517 758 2604 793 eos

464 840 639 875 versus
675 834 727 875 et
760 827 869 876 sine
907 828 1023 876 aliis
1070 826 1444 892 exemplaribus
1492 842 1764 894 numquam
1819 830 2186 888 restituendos,
2239 834 2417 893 utpote
2470 828 2602 879 forte

467 910 705 979 mnti10s“
742 928 790 976 p.
827 912 927 962 322
962 922 1015 963 et
1049 911 1186 963 XVI
1221 927 1303 976 sq:
1337 914 1693 977 pronuntiaret
1716 916 1824 963 'nec
1873 914 2008 963 hanc
2057 914 2259 977 quidem
2305 914 2602 979 expediendi

464 998 599 1045 viam
635 1004 869 1056 tentaret,
904 996 944 1047 si
982 998 1105 1060 quid
1144 1012 1211 1046 ex
1248 998 1489 1047 memoria
1525 998 1716 1049 codicis
1754 998 2039 1049 Florentini
2081 1008 2132 1048 et
2169 1000 2402 1048 editionis
2427 998 2604 1049 Vene-

465 1087 568 1131 tae:
618 1096 737 1131 rura
771 1082 1003 1132 deesse
1046 1082 1109 1131 ad
1162 1082 1505 1146 adjuvandam
1544 1083 1754 1133 Domitii
1794 1082 2092 1149 Barthiique
2139 1064 2444 1134 sententiam
2489 1091 2630 1149 apte·

468 1166 579 1216 elici
620 1174 816 1227 posset,
862 1168 1016 1216 veluti
1054 1174 1325 1231 praetexta
1359 1168 1608 1218 Varronis
1648 1170 1950 1219 auctoritate
2000 1171 2063 1219 de
2101 1168 2158 1219 L.
2199 1169 2257 1219 L.
2297 1168 2390 1221 IV.
2428 1185 2479 1234 p.
2515 1171 2607 1221 41:

465 1254 549 1313 „in
587 1267 649 1302 eo
685 1252 803 1303 loco
842 1248 1101 1303 dehisse
1150 1252 1377 1301 terram“
1432 1254 1553 1302 hoc:
1608 1254 2095 1318 praecinctaque
2140 1254 2296 1315 (Plin.
2337 1253 2397 1309 N,
2436 1254 2500 1304 H.
2539 1256 2608 1306 11.

465 1338 546 1399 66,
583 1339 649 1389 66
684 1354 733 1403 p.
758 1335 877 1402 168)
914 1344 1023 1387 toto
1060 1338 1201 1386 Rura
1237 1337 1494 1387 dehisse
1540 1338 1708 1387 mari“
1753 1339 1856 1389 sive
1892 1340 2016 1389 hoc:
2053 1340 2386 1403 proavitaque
2433 1344 2603 1390 moto

466 1421 621 1487 (Ptin.
669 1422 829 1488 Epist.
870 1422 959 1476 VI.
1000 1424 1081 1483 20,
1118 1419 1173 1485 9)
1222 1448 1283 1457 -
1334 1421 1513 1475 mari.“
1584 1421 1730 1483 Quae
1786 1424 1988 1488 quidem
2043 1431 2328 1474 commenta
2379 1426 2609 1490 quamvis

466 1509 748 1573 suspiciosa
784 1508 1133 1558 tolerabiliora
1168 1517 1337 1557 tamen
1374 1507 1537 1570 liquet-
1582 1523 1696 1559 esse
1743 1504 1840 1559 ista
1878 1509 2064 1559 Kochii
2117 1512 2422 1570 temeritate,
2477 1526 2608 1575 quae

452 1592 597 1643 ‘infra
631 1592 737 1643 XV
773 1593 1152 1658 perstringetur.
1207 1591 1309 1642 Sed
1349 1592 1469 1656 quid
1505 1594 1736 1659 pluribus
1775 1607 1940 1645 morer
1975 1596 2027 1643 in
2065 1610 2120 1644 re
2157 1596 2415 1646 evidenti?
2453 1595 2607 1646 Nam·

468 1692 565 1743 que
587 1680 785 1729 litteras
811 1678 926 1728 illas
963 1678 1306 1727 abisemari
1346 1676 1750 1741 (deisemari)
1790 1690 1841 1729 et
1866 1682 1980 1730 has:
2019 1682 2396 1731 datisenere
2425 1696 2603 1745 parum

386 1756 388 1759 ⁴
467 1763 670 1815 differre
706 1770 810 1813 tam
847 1776 1022 1813 verum
1061 1772 1263 1826 tamque
1300 1763 1622 1814 manifestum
1663 1767 1739 1816 cst
1782 1764 1868 1828 (cs.
1919 1764 2126 1815 cenis:
2163 1764 2334 1817 Sinis
2373 1762 2477 1816 Sin.
2514 1749 2611 1837 lli.

468 1851 501 1900 3
534 1865 583 1915 p.
623 1851 799 1914 52sssq.
833 1844 1147 1899 einerosus:
1194 1864 1523 1913 generosus
1566 1848 1742 1900 Heius,
1774 1852 1917 1901 Λᾶν.
1957 1848 2026 1901 11.
2065 1852 2094 1901 2
2131 1867 2182 1915 Ρ.
2220 1852 2336 1902 216.
2383 1853 2609 1903 cineres

466 1933 679 1995 Quintil.
716 1933 879 1987 Decl.'
903 1933 967 1985 X.
1008 1934 1039 1983 6
1075 1935 1269 1998 p.218:
1308 1949 1502 1985 manes
1540 1934 1682 1985 Leid.
1719 1952 1794 2002 pr.
1833 1936 2138 2001 myrrham:
2177 1938 2400 1989 cineres
2437 1939 2610 1988 adnot.

468 2019 649 2083 Eelog.
688 2032 731 2071 v.
775 2019 839 2068 14
873 2033 922 2083 p.
962 2018 1041 2069 25.
1082 2018 1237 2069 sinus
1274 2018 1545 2071 claudian.
1584 2020 1647 2070 Β.
1676 2019 1813 2071 Gild.
1839 2022 1953 2075 394.
1995 2038 2192 2073 manus
2233 2023 2471 2073 Ambros.
2508 2036 2610 2073 sec.

466 2102 642 2154 Heius.
680 2101 742 2157 cf.
780 2104 1011 2177 Μαι-1581.
1048 2102 1142 2153 v1.
1168 2105 1250 2165 61,
1287 2106 1318 2155 2
1356 2120 1568 2157 manus.
1610 2107 1834 2157 Moditn.
1871 2106 2046 2157 sinus.
2083 2106 2237 2172 Valg.
2259 2123 2309 2172 p.
2329 2109 2395 2157 47
2416 2116 2518 2157 not.
2537 2104 2610 2172 4),

470 2197 527 2239 nt
562 2189 712 2239 mirer
748 2204 779 2238 a
816 2188 961 2238 nullo
998 2189 1167 2239 adhuc
1204 2190 1461 2240 inventum
1500 2206 1637 2253 esse,
1687 2193 1824 2255 quod
1862 2194 2064 2243 minime
2100 2193 2370 2243 obscurum
2409 2200 2499 2241 ant
2534 2208 2614 2241 re-

468 2276 721 2325 conditum
760 2282 907 2333 esset,
943 2274 1043 2323 hoc
1078 2275 1219 2325 dico:

1282 2361 1622 2430 proavitaque
1663 2368 1717 2412 to
1733 2370 1794 2412 ta

872 2444 1018 2494 Rura
1053 2446 1206 2495 data
1240 2446 1305 2495 in
1340 2448 1637 2498 cinerem.

468 2534 653 2596 Itaque
678 2530 876 2583 Statius
910 2530 966 2580 in
994 2530 1260 2581 Thebaide
1280 2531 1413 2581 dixit
1430 2530 1525 2582 IV.
1548 2534 1665 2583 673.
1687 2531 1810 2583 VII.
1841 2534 1930 2585 23:
1969 2533 2180 2584 cineri
2211 2535 2396 2585 dabit
2431 2535 2613 2600 impius

467 2618 668 2671 urbes.“
692 2616 813 2667 XII.
834 2618 923 2667 82:
940 2605 1189 2679 impulsas
1216 2616 1316 2665 cin
1332 2618 1424 2666 eri
1457 2618 1567 2668 mis
1584 2634 1611 2668 c
1627 2633 1691 2667 er
1707 2632 1734 2668 e
1755 2618 2054 2683 Mycenas,“
2075 2618 2160 2668 hic
2179 2620 2407 2685 sumpsit,
2431 2620 2565 2685 quod
2584 2635 2615 2669 a

469 2704 638 2754 multis
674 2708 971 2767 usurpatum
1006 2701 1317 2762 invenimus,
1369 2709 1427 2751 ut
1462 2718 1494 2751 a
1529 2702 1658 2753 Silio
1695 2702 1790 2752 VI.
1833 2705 1956 2755 716:
2011 2702 2083 2754 In
2131 2704 2380 2755 cineres
2435 2720 2614 2755 monu-

468 2798 639 2839 menta
674 2789 838 2837 date.
895 2786 1097 2837 Seneca
1132 2786 1328 2838 Phoen.
1368 2788 1492 2838 113:
1528 2788 1580 2837 in
1620 2788 1888 2840 cineres
1927 2790 2091 2839 dabo
2129 2790 2242 2839 Hoc
2279 2779 2522 2855 quidquid
2561 2792 2615 2841 in

469 2889 547 2925 me
583 2874 718 2926 vivit.
757 2872 880 2926 Tro,
920 2874 1042 2923 739:
1103 2875 1191 2923 An
1228 2874 1321 2923 has
1357 2868 1532 2923 ruinas
1568 2871 1711 2924 urbis
1749 2875 1812 2924 in
1848 2874 2129 2924 cinerem
2175 2876 2355 2925 datas
2389 2875 2489 2926 Hic
2525 2892 2615 2927 ex-

468 2958 674 3009 citabit?
710 2956 799 3022 (cf.
840 2956 957 3023 val,
995 2957 1165 3008 Flacc.
1204 2958 1301 3009 IV.
1328 2960 1451 3009 509:
1488 2958 1657 3009 cinis
1693 2958 1908 3009 induit
1941 2959 2139 3009 urbes.“
2177 2958 2270 3009 Sil.
2291 2960 2468 3011 XVII.
2491 2962 2612 3013 196:

466 3046 765 3096 induitur
790 3052 898 3093 tota
919 3041 1099 3093 Afn'ca
1122 3041 1362 3093 flammi
1377 3059 1417 3093 ε.
1456 3043 1571 3093 add.
1594 3043 1768 3095 Burm.
1789 3042 1908 3097 Val.
1928 3042 2259 3098 Flacc.VIII.
2282 3046 2378 3095 10⁷
2407 3062 2452 3111 Ρ.
2475 3044 2613 3111 656).

470 3128 587 3181 Gul.
625 3145 672 3179 v,
712 3130 835 3180 311:
893 3126 1067 3179 Omnis
1116 3134 1170 3178 ut
1219 3126 1277 3177 in
1324 3128 1575 3179 cineres
1610 3129 1830 3179 Rhoetei
1868 3129 2031 3179 litoris
2067 3145 2158 3180 ora
2194 3128 2460 3181 Classibus
2507 3146 2613 3181 am-

468 3216 631 3266 bustis
656 3214 860 3265 flamma
884 3221 1155 3279 superante
1180 3215 1210 3263 d
1226 3214 1499 3276 aretur,“
1536 3216 1621 3265 ubi
1649 3216 1849 3266 sublato
1873 3216 2030 3281 verbo
2069 3233 2090 3265 s
2106 3231 2182 3281 up
2197 3224 2445 3278 erante,
2472 3218 2613 3284 quod

468 3301 800 3354 audacissime
835 3315 867 3348 a
902 3298 1101 3350 Bembo
1140 3314 1207 3349 ex
1246 3298 1390 3365 Virg.
1426 3299 1557 3353 Aen.
1596 3301 1668 3351 11.
1709 3302 1806 3352 311
1846 3300 2148 3352 translatum
2175 3298 2222 3367 ²)
2262 3315 2439 3352 omnes
2473 3316 2612 3353 com·

468 3386 765 3451 probarunt,
802 3384 1051 3445 codicum,
1086 3386 1140 3434 in
1178 3386 1360 3449 quibus
1398 3394 1476 3436 cst
1510 3387 1932 3445 lacrimante,
1969 3386 2092 3436 fides
2127 3387 2200 3436 ita
2235 3389 2487 3437 servanda
2523 3394 2610 3449 est,

472 3480 526 3521 nt
560 3486 627 3521 ex
662 3470 880 3520 navibus
913 3471 1203 3522 incendium
1238 3472 1291 3520 in
1340 3487 1487 3537 agros
1533 3486 1865 3536 pervasurum
1913 3470 2068 3521 fuisse
2116 3472 2223 3535 jam
2277 3473 2473 3522 dicatur
2514 3473 2614 3524 hoc

469 3558 646 3609 modo:
683 3556 849 3607 flamm
864 3556 1295 3607 arliacremante
1331 3558 1383 3606 id
1420 3564 1497 3607 est
1532 3554 1616 3617 (cf.
1657 3556 1895 3621 Conject.
1932 3573 1981 3622 p.
2025 3555 2190 3621 176.):
2239 3550 2612 3609 Navibus‘am-

468 3644 635 3695 bustis
668 3642 873 3692 flamma
908 3656 1061 3691 arva
1098 3642 1470 3697 cremante.“
1531 3642 1745 3693 Heinsio
1783 3642 1986 3707 quidem
2023 3643 2182 3692 satius
2218 3642 2388 3693 fuerat
2421 3658 2612 3708 propo-

468 3744 589 3781 nere
626 3728 817 3777 allam
832 3728 1022 3778 bente
1062 3724 1257 3791 (Burm.
1282 3727 1499 3790 Quintil.
1521 3726 1670 3781 Dec-l.
1692 3728 1814 3787 ΧΑ
1836 3725 2040 3793 Ρ.216),
2082 3743 2233 3791 quam
2257 3728 2613 3793 populante

466 3815 552 3864 vel
588 3814 963 3878 crepitante.
1507 3858 1510 3861 .

604 3897 711 3949 Nec
740 3899 847 3962 jam
884 3906 1195 3963 praeteream
1233 3899 1438 3949 solitam
1474 3898 1563 3963 (cf.
1588 3900 1760 3954 adnot.
1786 3899 1975 3963 Eclog.
2011 3905 2141 3950 extr·
2161 3915 2210 3964 p.
2236 3898 2348 3949 162.
2381 3896 2610 3963 Conject.

612 4053 664 4119 ²)
704 4052 820 4103 Non
856 4054 1043 4103 rectius
1080 4052 1289 4105 Grotius
1325 4054 1379 4103 in
1412 4054 1649 4104 Avieni
1697 4054 1866 4104 locum
1903 4050 2044 4104 Arat.
2084 4049 2280 4107 Phaen.
2319 4055 2410 4105 66:
2463 4052 2616 4105 Musa

468 4132 523 4173 nt
559 4122 839 4187 Cecropios
876 4131 1221 4187 raperetur
1256 4130 1309 4172 et
1343 4122 1519 4173 Aonas
1558 4122 1750 4186 ag1·os“
1797 4123 1930 4173 idem
1969 4124 2178 4172 verbum
2215 4122 2475 4173 transtulit
2515 4122 2615 4172 hoc

470 4193 651 4242 modo:
689 4190 968 4255 Cecropios
1004 4199 1363 4255 superaret.
1419 4190 1610 4241 Verum
1650 4199 1726 4241 est
1762 4192 1894 4241 enim
1932 4206 2044 4241 enm
2082 4192 2252 4241 locum
2277 4192 2348 4241 sic
2375 4198 2426 4241 et
2448 4191 2614 4253 digeri

470 4267 521 4309 et
554 4259 764 4323 corrigi:
803 4258 1261 4325 Quae—Jupiter
1286 4258 1448 4309 efferri
1480 4260 1660 4310 melius
1696 4261 1907 4320 dedit,
1943 4260 2166 4309 incola
2203 4258 2407 4309 Tauri
2439 4259 2618 4309 Musa

468 4336 527 4378 ut
562 4323 841 4391 Cecropios
876 4337 1216 4393 repararet
1252 4334 1303 4377 et
1336 4328 1515 4377 Aonas
1553 4327 1757 4393 agros.“
1825 4328 2066 4377 Pluribus
2103 4329 2168 4378 de
2205 4341 2265 4377 ea
2302 4339 2356 4377 re
2393 4324 2617 4377 diximus

468 4396 521 4446 in
557 4395 939 4449 Subsicivorum
976 4397 1145 4463 capite
1182 4396 1239 4447 11
1277 4412 1325 4463 Ρ.
1366 4398 1395 4446 7
1432 4410 1507 4459 sq.
