<?xml version="1.0" encoding="UTF-8"?>
<!DOCTYPE html PUBLIC "-//W3C//DTD XHTML 1.0 Transitional//EN"
    "http://www.w3.org/TR/xhtml1/DTD/xhtml1-transitional.dtd">
<html xmlns="http://www.w3.org/1999/xhtml" xml:lang="en" lang="en">
 <head>
  <title>
</title>
<meta http-equiv="Content-Type" content="text/html;charset=utf-8" />
  <meta name='ocr-system' content='tesseract 3.04.00' />
  <meta name='ocr-capabilities' content='ocr_page ocr_carea ocr_par ocr_line ocrx_word'/>
</head>
<body>
  <div class='ocr_page' id='page_1' title='image "./ppapiniistatiie00ungegoog_0036.png"; bbox 0 0 3234 4967; ppageno 0'>
   <div class='ocr_carea' id='block_1_1' title="bbox 605 368 1891 454">
    <p class='ocr_par' dir='ltr' id='par_1_1' title="bbox 605 368 1891 454">
     <span class='ocr_line' id='line_1_1' title="bbox 605 368 1891 454; baseline -0.005 0"><span class='ocrx_word' id='word_1_1' title='bbox 605 387 690 454; x_wconf 80' lang='lat'><strong>28</strong></span> <span class='ocrx_word' id='word_1_2' title='bbox 1507 368 1891 448; x_wconf 63' lang='lat' dir='ltr'><strong>Adnotw.</strong></span> 
     </span>
    </p>
   </div>
   <div class='ocr_carea' id='block_1_2' title="bbox 605 597 2837 1430">
    <p class='ocr_par' dir='ltr' id='par_1_2' title="bbox 605 597 2837 1430">
     <span class='ocr_line' id='line_1_2' title="bbox 619 597 2752 688; baseline 0.002 -27"><span class='ocrx_word' id='word_1_3' title='bbox 619 605 727 662; x_wconf 87' lang='lat' dir='ltr'><strong>tur</strong></span> <span class='ocrx_word' id='word_1_4' title='bbox 773 597 852 662; x_wconf 84' lang='lat' dir='ltr'><strong>cf.</strong></span> <span class='ocrx_word' id='word_1_5' title='bbox 901 597 982 662; x_wconf 93' lang='lat' dir='ltr'><strong>V.</strong></span> <span class='ocrx_word' id='word_1_6' title='bbox 1046 598 1128 664; x_wconf 86' lang='lat'><strong>79</strong></span> <span class='ocrx_word' id='word_1_7' title='bbox 1177 623 1270 687; x_wconf 88' lang='lat' dir='ltr'><strong>sq.</strong></span> <span class='ocrx_word' id='word_1_8' title='bbox 1309 608 1375 665; x_wconf 90' lang='lat' dir='ltr'><strong>et</strong></span> <span class='ocrx_word' id='word_1_9' title='bbox 1419 599 1486 664; x_wconf 92' lang='lat' dir='ltr'><strong>ll.</strong></span> <span class='ocrx_word' id='word_1_10' title='bbox 1539 600 1602 682; x_wconf 89' lang='lat'><strong>4,</strong></span> <span class='ocrx_word' id='word_1_11' title='bbox 1661 601 1775 666; x_wconf 87' lang='lat'><strong>16:</strong></span> <span class='ocrx_word' id='word_1_12' title='bbox 1823 601 2030 684; x_wconf 87' lang='lat' dir='ltr'><strong>„Huc</strong></span> <span class='ocrx_word' id='word_1_13' title='bbox 2077 599 2309 664; x_wconf 82' lang='lat' dir='ltr'><strong>doctae</strong></span> <span class='ocrx_word' id='word_1_14' title='bbox 2358 602 2752 688; x_wconf 85' lang='lat' dir='ltr'><strong>stipentur</strong></span> 
     </span>
     <span class='ocr_line' id='line_1_3' title="bbox 605 703 2759 795; baseline 0.001 -26"><span class='ocrx_word' id='word_1_15' title='bbox 605 727 764 770; x_wconf 87' lang='lat' dir='ltr'><strong>aves</strong></span> <span class='ocrx_word' id='word_1_16' title='bbox 821 743 909 753; x_wconf 92' lang='lat'><strong>—-</strong></span> <span class='ocrx_word' id='word_1_17' title='bbox 940 703 1288 792; x_wconf 87' lang='lat' dir='ltr'><strong>Plangat</strong></span> <span class='ocrx_word' id='word_1_18' title='bbox 1342 706 1711 772; x_wconf 82' lang='lat' dir='ltr'><strong>Phoebeius</strong></span> <span class='ocrx_word' id='word_1_19' title='bbox 1758 708 1892 773; x_wconf 89' lang='lat' dir='ltr'><strong>ales</strong></span> <span class='ocrx_word' id='word_1_20' title='bbox 1938 747 2026 756; x_wconf 89' lang='lat'>—</span> <span class='ocrx_word' id='word_1_21' title='bbox 2068 715 2134 771; x_wconf 88' lang='lat' dir='ltr'><strong>et</strong></span> <span class='ocrx_word' id='word_1_22' title='bbox 2169 707 2355 795; x_wconf 90' lang='lat' dir='ltr'><strong>picae</strong></span> <span class='ocrx_word' id='word_1_23' title='bbox 2390 745 2478 754; x_wconf 92' lang='lat'><strong>—</strong></span> <span class='ocrx_word' id='word_1_24' title='bbox 2520 707 2759 772; x_wconf 86' lang='lat' dir='ltr'><strong>Ferte</strong></span> 
     </span>
     <span class='ocr_line' id='line_1_4' title="bbox 613 809 2837 900; baseline 0.001 -24"><span class='ocrx_word' id='word_1_25' title='bbox 613 809 802 876; x_wconf 86' lang='lat' dir='ltr'><strong>simul</strong></span> <span class='ocrx_word' id='word_1_26' title='bbox 835 812 1098 896; x_wconf 85' lang='lat' dir='ltr'><strong>genitus</strong></span> <span class='ocrx_word' id='word_1_27' title='bbox 1143 821 1552 900; x_wconf 84' lang='lat' dir='ltr'><strong>cognataque</strong></span> <span class='ocrx_word' id='word_1_28' title='bbox 1603 813 1821 878; x_wconf 83' lang='lat' dir='ltr'><strong>ducite</strong></span> <span class='ocrx_word' id='word_1_29' title='bbox 1868 812 2143 879; x_wconf 89' lang='lat' dir='ltr'><strong>flammis</strong></span> <span class='ocrx_word' id='word_1_30' title='bbox 2176 813 2508 876; x_wconf 82' lang='lat' dir='ltr'><strong>Funera.“</strong></span> <span class='ocrx_word' id='word_1_31' title='bbox 2572 814 2759 894; x_wconf 78' lang='lat' dir='ltr'><strong>Quae</strong></span> <span class='ocrx_word' id='word_1_32' title='bbox 2830 821 2837 828; x_wconf 61' lang='lat'><strong>⁴</strong></span> 
     </span>
     <span class='ocr_line' id='line_1_5' title="bbox 617 915 2763 1006; baseline 0.002 -26"><span class='ocrx_word' id='word_1_33' title='bbox 617 918 762 1005; x_wconf 85' lang='lat' dir='ltr'><strong>ipsa</strong></span> <span class='ocrx_word' id='word_1_34' title='bbox 785 917 1112 982; x_wconf 86' lang='lat' dir='ltr'><strong>sententia</strong></span> <span class='ocrx_word' id='word_1_35' title='bbox 1127 939 1273 982; x_wconf 90' lang='lat' dir='ltr'><strong>cum</strong></span> <span class='ocrx_word' id='word_1_36' title='bbox 1299 915 1582 984; x_wconf 92' lang='lat' dir='ltr'><strong>hocloco</strong></span> <span class='ocrx_word' id='word_1_37' title='bbox 1607 942 1914 1006; x_wconf 87' lang='lat' dir='ltr'><strong>magnam</strong></span> <span class='ocrx_word' id='word_1_38' title='bbox 1936 919 2262 1006; x_wconf 85' lang='lat' dir='ltr'><strong>quandam</strong></span> <span class='ocrx_word' id='word_1_39' title='bbox 2285 919 2483 983; x_wconf 88' lang='lat' dir='ltr'><strong>habet</strong></span> <span class='ocrx_word' id='word_1_40' title='bbox 2508 941 2763 1006; x_wconf 90' lang='lat' dir='ltr'><strong>compa·</strong></span> 
     </span>
     <span class='ocr_line' id='line_1_6' title="bbox 613 1023 2759 1112; baseline 0.001 -24"><span class='ocrx_word' id='word_1_41' title='bbox 613 1023 952 1088; x_wconf 87' lang='lat' dir='ltr'><strong>rationem.</strong></span> <span class='ocrx_word' id='word_1_42' title='bbox 1047 1023 1326 1090; x_wconf 82' lang='lat' dir='ltr'><strong>Accedit</strong></span> <span class='ocrx_word' id='word_1_43' title='bbox 1395 1024 1602 1090; x_wconf 84' lang='lat' dir='ltr'><strong>Theb.</strong></span> <span class='ocrx_word' id='word_1_44' title='bbox 1674 1025 1785 1090; x_wconf 91' lang='lat' dir='ltr'><strong>Xl.</strong></span> <span class='ocrx_word' id='word_1_45' title='bbox 1863 1026 2015 1090; x_wconf 82' lang='lat'>183:</span> <span class='ocrx_word' id='word_1_46' title='bbox 2102 1025 2304 1110; x_wconf 88' lang='lat' dir='ltr'><strong>digna</strong></span> <span class='ocrx_word' id='word_1_47' title='bbox 2370 1025 2759 1112; x_wconf 84' lang='lat' dir='ltr'><strong>rependam:</strong></span> 
     </span>
     <span class='ocr_line' id='line_1_7' title="bbox 607 1129 2759 1218; baseline 0 -22"><span class='ocrx_word' id='word_1_48' title='bbox 607 1130 662 1196; x_wconf 83' lang='lat' dir='ltr'>C</span> <span class='ocrx_word' id='word_1_49' title='bbox 685 1151 722 1194; x_wconf 93' lang='lat' dir='ltr'><strong>o</strong></span> <span class='ocrx_word' id='word_1_50' title='bbox 741 1151 886 1194; x_wconf 90' lang='lat' dir='ltr'><strong>nve</strong></span> <span class='ocrx_word' id='word_1_51' title='bbox 904 1152 947 1192; x_wconf 95' lang='lat' dir='ltr'><strong>n</strong></span> <span class='ocrx_word' id='word_1_52' title='bbox 969 1129 1048 1193; x_wconf 91' lang='lat' dir='ltr'><strong>ia</strong></span> <span class='ocrx_word' id='word_1_53' title='bbox 1063 1153 1106 1194; x_wconf 94' lang='lat' dir='ltr'><strong>n</strong></span> <span class='ocrx_word' id='word_1_54' title='bbox 1123 1139 1152 1193; x_wconf 83' lang='lat' dir='ltr'><strong>t</strong></span> <span class='ocrx_word' id='word_1_55' title='bbox 1225 1129 1616 1217; x_wconf 88' lang='lat' dir='ltr'><strong>ubicumque</strong></span> <span class='ocrx_word' id='word_1_56' title='bbox 1688 1153 1889 1194; x_wconf 88' lang='lat' dir='ltr'><strong>nurus</strong></span> <span class='ocrx_word' id='word_1_57' title='bbox 1956 1154 2020 1194; x_wconf 90' lang='lat' dir='ltr'><strong>m</strong></span> <span class='ocrx_word' id='word_1_58' title='bbox 2037 1139 2206 1196; x_wconf 86' lang='lat' dir='ltr'><strong>atre</strong></span> <span class='ocrx_word' id='word_1_59' title='bbox 2222 1154 2252 1194; x_wconf 89' lang='lat' dir='ltr'><strong>s</strong></span> <span class='ocrx_word' id='word_1_60' title='bbox 2270 1153 2395 1218; x_wconf 89' lang='lat' dir='ltr'><strong>que</strong></span> <span class='ocrx_word' id='word_1_61' title='bbox 2441 1130 2759 1216; x_wconf 81' lang='lat' dir='ltr'><strong>Pelasgae</strong></span> 
     </span>
     <span class='ocr_line' id='line_1_8' title="bbox 610 1227 2762 1324; baseline 0 -24"><span class='ocrx_word' id='word_1_62' title='bbox 610 1234 1080 1323; x_wconf 87' lang='lat' dir='ltr'><strong>Longaevique</strong></span> <span class='ocrx_word' id='word_1_63' title='bbox 1106 1258 1149 1322; x_wconf 90' lang='lat' dir='ltr'>p</span> <span class='ocrx_word' id='word_1_64' title='bbox 1167 1244 1340 1300; x_wconf 86' lang='lat' dir='ltr'><strong>atre</strong></span> <span class='ocrx_word' id='word_1_65' title='bbox 1357 1258 1386 1299; x_wconf 88' lang='lat' dir='ltr'><strong>s</strong></span> <span class='ocrx_word' id='word_1_66' title='bbox 1402 1285 1419 1318; x_wconf 87' lang='lat'><strong><em>,</em></strong></span> <span class='ocrx_word' id='word_1_67' title='bbox 1448 1227 1722 1323; x_wconf 78' lang='lat' dir='ltr'><strong>quoru&#39;m</strong></span> <span class='ocrx_word' id='word_1_68' title='bbox 1748 1244 1848 1301; x_wconf 90' lang='lat' dir='ltr'><strong>tot</strong></span> <span class='ocrx_word' id='word_1_69' title='bbox 1872 1235 2117 1321; x_wconf 87' lang='lat' dir='ltr'><strong>gaudia</strong></span> <span class='ocrx_word' id='word_1_70' title='bbox 2141 1237 2355 1324; x_wconf 87' lang='lat' dir='ltr'><strong>carpsi</strong></span> <span class='ocrx_word' id='word_1_71' title='bbox 2382 1235 2762 1324; x_wconf 86' lang='lat' dir='ltr'><strong>Orbavique</strong></span> 
     </span>
     <span class='ocr_line' id='line_1_9' title="bbox 608 1340 2761 1430; baseline 0 -22"><span class='ocrx_word' id='word_1_72' title='bbox 608 1343 837 1408; x_wconf 84' lang='lat' dir='ltr'><strong>domos</strong></span> <span class='ocrx_word' id='word_1_73' title='bbox 852 1344 893 1378; x_wconf 85' lang='lat'><strong><em>“</em></strong></span> <span class='ocrx_word' id='word_1_74' title='bbox 935 1340 1081 1429; x_wconf 88' lang='lat' dir='ltr'><strong>(ubi</strong></span> <span class='ocrx_word' id='word_1_75' title='bbox 1123 1341 1319 1406; x_wconf 80' lang='lat' dir='ltr'><strong>scribi</strong></span> <span class='ocrx_word' id='word_1_76' title='bbox 1361 1340 1496 1406; x_wconf 91' lang='lat' dir='ltr'><strong>ubi</strong></span> <span class='ocrx_word' id='word_1_77' title='bbox 1539 1365 1915 1430; x_wconf 86' lang='lat' dir='ltr'><strong>quaeque</strong></span> <span class='ocrx_word' id='word_1_78' title='bbox 1960 1344 2202 1408; x_wconf 85' lang='lat' dir='ltr'><strong>frustra</strong></span> <span class='ocrx_word' id='word_1_79' title='bbox 2221 1343 2421 1430; x_wconf 87' lang='lat' dir='ltr'><strong>jussit</strong></span> <span class='ocrx_word' id='word_1_80' title='bbox 2452 1343 2761 1408; x_wconf 82' lang='lat' dir='ltr'><strong>Heinsius</strong></span> 
     </span>
    </p>
   </div>
   <div class='ocr_carea' id='block_1_3' title="bbox 606 1445 2759 1537">
    <p class='ocr_par' dir='ltr' id='par_1_3' title="bbox 606 1445 2759 1537">
     <span class='ocr_line' id='line_1_10' title="bbox 606 1445 2759 1537; baseline 0 -25"><span class='ocrx_word' id='word_1_81' title='bbox 606 1448 794 1534; x_wconf 88' lang='lat' dir='ltr'><strong>Virg.</strong></span> <span class='ocrx_word' id='word_1_82' title='bbox 807 1446 975 1512; x_wconf 91' lang='lat' dir='ltr'><strong>Aen.</strong></span> <span class='ocrx_word' id='word_1_83' title='bbox 993 1445 1123 1513; x_wconf 89' lang='lat' dir='ltr'><strong>Vll.</strong></span> <span class='ocrx_word' id='word_1_84' title='bbox 1149 1447 1282 1512; x_wconf 87' lang='grc'><strong>400</strong></span> <span class='ocrx_word' id='word_1_85' title='bbox 1305 1470 1370 1534; x_wconf 89' lang='lat' dir='ltr'><strong>p.</strong></span> <span class='ocrx_word' id='word_1_86' title='bbox 1403 1446 1582 1535; x_wconf 81' lang='lat'><strong>192).</strong></span> <span class='ocrx_word' id='word_1_87' title='bbox 1611 1447 1713 1514; x_wconf 83' lang='lat' dir='ltr'><strong>Cf.</strong></span> <span class='ocrx_word' id='word_1_88' title='bbox 1736 1448 2008 1532; x_wconf 80' lang='lat' dir='ltr'><strong>Quintil.</strong></span> <span class='ocrx_word' id='word_1_89' title='bbox 2025 1448 2211 1515; x_wconf 91' lang='lat' dir='ltr'><strong>Decl.</strong></span> <span class='ocrx_word' id='word_1_90' title='bbox 2230 1447 2382 1513; x_wconf 92' lang='lat' dir='ltr'><strong>VII.</strong></span> <span class='ocrx_word' id='word_1_91' title='bbox 2414 1449 2495 1513; x_wconf 81' lang='grc'><strong>12</strong></span> <span class='ocrx_word' id='word_1_92' title='bbox 2520 1473 2583 1537; x_wconf 90' lang='lat' dir='ltr'><strong>p.</strong></span> <span class='ocrx_word' id='word_1_93' title='bbox 2614 1449 2759 1514; x_wconf 87' lang='lat'>164.</span> 
     </span>
    </p>
   </div>
   <div class='ocr_carea' id='block_1_4' title="bbox 1573 1645 1780 1720">
    <p class='ocr_par' dir='ltr' id='par_1_4' title="bbox 1573 1645 1780 1720">
     <span class='ocr_line' id='line_1_11' title="bbox 1573 1645 1780 1720; baseline 0.005 -1"><span class='ocrx_word' id='word_1_94' title='bbox 1573 1646 1642 1719; x_wconf 89' lang='lat' dir='ltr'><strong>V.</strong></span> <span class='ocrx_word' id='word_1_95' title='bbox 1689 1645 1780 1720; x_wconf 79' lang='lat'><strong>17.</strong></span> 
     </span>
    </p>
   </div>
   <div class='ocr_carea' id='block_1_5' title="bbox 575 1764 2763 4504">
    <p class='ocr_par' dir='ltr' id='par_1_5' title="bbox 575 1764 2763 4504">
     <span class='ocr_line' id='line_1_12' title="bbox 787 1764 2762 1856; baseline 0.001 -26"><span class='ocrx_word' id='word_1_96' title='bbox 787 1766 952 1848; x_wconf 84' lang='lat' dir='ltr'><strong>„Re</strong></span> <span class='ocrx_word' id='word_1_97' title='bbox 973 1766 1316 1830; x_wconf 89' lang='lat' dir='ltr'><strong>strinxit</strong></span> <span class='ocrx_word' id='word_1_98' title='bbox 1383 1765 1603 1830; x_wconf 86' lang='lat' dir='ltr'><strong>lacte</strong></span> <span class='ocrx_word' id='word_1_99' title='bbox 1676 1764 2027 1830; x_wconf 79' lang='lat' dir='ltr'><strong>favillas.</strong></span> <span class='ocrx_word' id='word_1_100' title='bbox 2112 1765 2191 1828; x_wconf 92' lang='lat' dir='ltr'><strong>In</strong></span> <span class='ocrx_word' id='word_1_101' title='bbox 2238 1765 2379 1856; x_wconf 88' lang='lat' dir='ltr'><strong>aliis</strong></span> <span class='ocrx_word' id='word_1_102' title='bbox 2428 1766 2762 1831; x_wconf 83' lang='lat' dir='ltr'><strong>codicibus</strong></span> 
     </span>
     <span class='ocr_line' id='line_1_13' title="bbox 606 1869 2759 1958; baseline 0 -24"><span class='ocrx_word' id='word_1_103' title='bbox 606 1879 828 1937; x_wconf 85' lang='lat' dir='ltr'><strong>exstat</strong></span> <span class='ocrx_word' id='word_1_104' title='bbox 873 1869 1262 1958; x_wconf 85' lang='lat' dir='ltr'><strong>papillas.</strong></span> <span class='ocrx_word' id='word_1_105' title='bbox 1323 1871 1462 1936; x_wconf 87' lang='lat' dir='ltr'><strong>Nos</strong></span> <span class='ocrx_word' id='word_1_106' title='bbox 1508 1870 1835 1936; x_wconf 86' lang='lat' dir='ltr'><strong>favillas</strong></span> <span class='ocrx_word' id='word_1_107' title='bbox 1881 1869 2180 1955; x_wconf 75' lang='lat' dir='ltr'><strong>legimuS.</strong></span> <span class='ocrx_word' id='word_1_108' title='bbox 2242 1871 2409 1934; x_wconf 87' lang='lat' dir='ltr'><strong>Nam</strong></span> <span class='ocrx_word' id='word_1_109' title='bbox 2454 1870 2759 1935; x_wconf 81' lang='lat' dir='ltr'><strong>ardentes</strong></span> 
     </span>
     <span class='ocr_line' id='line_1_14' title="bbox 611 1974 2761 2065; baseline -0.001 -23"><span class='ocrx_word' id='word_1_110' title='bbox 611 1999 758 2042; x_wconf 87' lang='lat' dir='ltr'><strong>cum</strong></span> <span class='ocrx_word' id='word_1_111' title='bbox 818 1975 1080 2065; x_wconf 89' lang='lat' dir='ltr'><strong>papillis</strong></span> <span class='ocrx_word' id='word_1_112' title='bbox 1136 1999 1268 2041; x_wconf 92' lang='lat' dir='ltr'><strong>non</strong></span> <span class='ocrx_word' id='word_1_113' title='bbox 1329 1977 1657 2042; x_wconf 90' lang='lat' dir='ltr'><strong>convenit.</strong></span> <span class='ocrx_word' id='word_1_114' title='bbox 1748 1978 2105 2043; x_wconf 87' lang='lat' dir='ltr'><strong>Praeterea</strong></span> <span class='ocrx_word' id='word_1_115' title='bbox 2164 1974 2451 2064; x_wconf 87' lang='lat' dir='ltr'><strong>loquitur</strong></span> <span class='ocrx_word' id='word_1_116' title='bbox 2500 1976 2583 2040; x_wconf 93' lang='lat' dir='ltr'><strong>de</strong></span> <span class='ocrx_word' id='word_1_117' title='bbox 2628 1999 2761 2040; x_wconf 89' lang='lat' dir='ltr'><strong>mu-</strong></span> 
     </span>
     <span class='ocr_line' id='line_1_15' title="bbox 611 2081 2760 2170; baseline -0 -23"><span class='ocrx_word' id='word_1_118' title='bbox 611 2082 792 2165; x_wconf 87' lang='lat' dir='ltr'><strong>liere,</strong></span> <span class='ocrx_word' id='word_1_119' title='bbox 842 2105 1010 2170; x_wconf 87' lang='lat' dir='ltr'><strong>quae</strong></span> <span class='ocrx_word' id='word_1_120' title='bbox 1070 2081 1276 2147; x_wconf 89' lang='lat' dir='ltr'><strong>filium</strong></span> <span class='ocrx_word' id='word_1_121' title='bbox 1324 2081 1539 2147; x_wconf 87' lang='lat' dir='ltr'><strong>adhuc</strong></span> <span class='ocrx_word' id='word_1_122' title='bbox 1584 2082 1937 2148; x_wconf 89' lang='lat' dir='ltr'><strong>lactentem</strong></span> <span class='ocrx_word' id='word_1_123' title='bbox 1985 2082 2153 2148; x_wconf 86' lang='lat' dir='ltr'><strong>vidit</strong></span> <span class='ocrx_word' id='word_1_124' title='bbox 2198 2083 2266 2146; x_wconf 91' lang='lat' dir='ltr'><strong>in</strong></span> <span class='ocrx_word' id='word_1_125' title='bbox 2310 2104 2475 2166; x_wconf 86' lang='lat' dir='ltr'><strong>rogo</strong></span> <span class='ocrx_word' id='word_1_126' title='bbox 2522 2091 2760 2147; x_wconf 87' lang='lat' dir='ltr'><strong>mortu-</strong></span> 
     </span>
     <span class='ocr_line' id='line_1_16' title="bbox 607 2187 2762 2277; baseline 0.001 -25"><span class='ocrx_word' id='word_1_127' title='bbox 607 2211 738 2272; x_wconf 87' lang='lat' dir='ltr'><strong>um,</strong></span> <span class='ocrx_word' id='word_1_128' title='bbox 801 2187 1227 2275; x_wconf 88' lang='lat' dir='ltr'><strong>alludensque</strong></span> <span class='ocrx_word' id='word_1_129' title='bbox 1297 2188 1383 2253; x_wconf 90' lang='lat' dir='ltr'><strong>ad</strong></span> <span class='ocrx_word' id='word_1_130' title='bbox 1451 2211 1720 2271; x_wconf 87' lang='lat' dir='ltr'><strong>morem,</strong></span> <span class='ocrx_word' id='word_1_131' title='bbox 1783 2211 1911 2277; x_wconf 89' lang='lat' dir='ltr'><strong>quo</strong></span> <span class='ocrx_word' id='word_1_132' title='bbox 1974 2190 2225 2254; x_wconf 90' lang='lat' dir='ltr'><strong>cineres</strong></span> <span class='ocrx_word' id='word_1_133' title='bbox 2285 2187 2762 2276; x_wconf 85' lang='lat' dir='ltr'><strong>spargebantur</strong></span> 
     </span>
     <span class='ocr_line' id='line_1_17' title="bbox 613 2293 2759 2380; baseline -0.001 -20"><span class='ocrx_word' id='word_1_134' title='bbox 613 2295 787 2378; x_wconf 84' lang='lat' dir='ltr'><strong>vin0‚</strong></span> <span class='ocrx_word' id='word_1_135' title='bbox 859 2304 935 2359; x_wconf 84' lang='lat' dir='ltr'><strong>ut</strong></span> <span class='ocrx_word' id='word_1_136' title='bbox 1002 2304 1152 2360; x_wconf 88' lang='lat' dir='ltr'><strong>ante</strong></span> <span class='ocrx_word' id='word_1_137' title='bbox 1224 2294 1508 2360; x_wconf 84' lang='lat' dir='ltr'><strong>diximus</strong></span> <span class='ocrx_word' id='word_1_138' title='bbox 1577 2295 1951 2361; x_wconf 86' lang='lat' dir='ltr'><strong>testimonio</strong></span> <span class='ocrx_word' id='word_1_139' title='bbox 2012 2295 2286 2360; x_wconf 87' lang='lat' dir='ltr'><strong>Homeri</strong></span> <span class='ocrx_word' id='word_1_140' title='bbox 2354 2303 2419 2358; x_wconf 89' lang='lat' dir='ltr'><strong>et</strong></span> <span class='ocrx_word' id='word_1_141' title='bbox 2476 2293 2759 2380; x_wconf 85' lang='lat' dir='ltr'><strong>Virgilii.</strong></span> 
     </span>
     <span class='ocr_line' id='line_1_18' title="bbox 612 2398 2763 2488; baseline -0.002 -21"><span class='ocrx_word' id='word_1_142' title='bbox 612 2401 778 2467; x_wconf 86' lang='lat' dir='ltr'><strong>Cum</strong></span> <span class='ocrx_word' id='word_1_143' title='bbox 829 2399 910 2465; x_wconf 85' lang='lat' dir='ltr'><strong>de</strong></span> <span class='ocrx_word' id='word_1_144' title='bbox 956 2401 1206 2466; x_wconf 85' lang='lat' dir='ltr'><strong>infante</strong></span> <span class='ocrx_word' id='word_1_145' title='bbox 1265 2398 1663 2488; x_wconf 87' lang='lat' dir='ltr'><strong>loqueretur,</strong></span> <span class='ocrx_word' id='word_1_146' title='bbox 1734 2402 1858 2465; x_wconf 89' lang='lat' dir='ltr'><strong>ait:</strong></span> <span class='ocrx_word' id='word_1_147' title='bbox 1932 2402 1985 2464; x_wconf 88' lang='lat' dir='ltr'><strong>si</strong></span> <span class='ocrx_word' id='word_1_148' title='bbox 2034 2423 2164 2488; x_wconf 89' lang='lat' dir='ltr'><strong>qua</strong></span> <span class='ocrx_word' id='word_1_149' title='bbox 2206 2409 2419 2465; x_wconf 87' lang='lat' dir='ltr'><strong>mater</strong></span> <span class='ocrx_word' id='word_1_150' title='bbox 2461 2399 2627 2464; x_wconf 84' lang='lat' dir='ltr'><strong>vidit</strong></span> <span class='ocrx_word' id='word_1_151' title='bbox 2671 2401 2763 2463; x_wconf 88' lang='lat' dir='ltr'><strong>in-</strong></span> 
     </span>
     <span class='ocr_line' id='line_1_19' title="bbox 616 2504 2763 2594; baseline -0.001 -23"><span class='ocrx_word' id='word_1_152' title='bbox 616 2508 860 2572; x_wconf 83' lang='lat' dir='ltr'><strong>fant-em</strong></span> <span class='ocrx_word' id='word_1_153' title='bbox 905 2504 1109 2571; x_wconf 89' lang='lat' dir='ltr'><strong>filium</strong></span> <span class='ocrx_word' id='word_1_154' title='bbox 1157 2504 1389 2572; x_wconf 83' lang='lat' dir='ltr'><strong>ardere</strong></span> <span class='ocrx_word' id='word_1_155' title='bbox 1437 2507 1905 2594; x_wconf 83' lang='lat' dir='ltr'><strong>restrinxitque</strong></span> <span class='ocrx_word' id='word_1_156' title='bbox 1961 2505 2131 2571; x_wconf 83' lang='lat' dir='ltr'><strong>illius</strong></span> <span class='ocrx_word' id='word_1_157' title='bbox 2178 2505 2433 2570; x_wconf 87' lang='lat' dir='ltr'><strong>favillas</strong></span> <span class='ocrx_word' id='word_1_158' title='bbox 2482 2515 2548 2568; x_wconf 88' lang='lat' dir='ltr'><strong>et</strong></span> <span class='ocrx_word' id='word_1_159' title='bbox 2594 2505 2763 2569; x_wconf 88' lang='lat' dir='ltr'><strong>cine-</strong></span> 
     </span>
     <span class='ocr_line' id='line_1_20' title="bbox 611 2609 2761 2698; baseline -0.001 -22"><span class='ocrx_word' id='word_1_160' title='bbox 611 2635 716 2676; x_wconf 85' lang='lat' dir='ltr'><strong>res</strong></span> <span class='ocrx_word' id='word_1_161' title='bbox 760 2610 951 2694; x_wconf 87' lang='lat' dir='ltr'><strong>lacte,</strong></span> <span class='ocrx_word' id='word_1_162' title='bbox 1011 2613 1307 2691; x_wconf 86' lang='lat' dir='ltr'><strong>conferat</strong></span> <span class='ocrx_word' id='word_1_163' title='bbox 1351 2609 1656 2676; x_wconf 86' lang='lat' dir='ltr'><strong>lacrimas</strong></span> <span class='ocrx_word' id='word_1_164' title='bbox 1701 2634 1985 2676; x_wconf 88' lang='lat' dir='ltr'><strong>mecum:</strong></span> <span class='ocrx_word' id='word_1_165' title='bbox 2034 2634 2158 2698; x_wconf 89' lang='lat' dir='ltr'><strong>ego</strong></span> <span class='ocrx_word' id='word_1_166' title='bbox 2193 2635 2337 2676; x_wconf 89' lang='lat' dir='ltr'><strong>eam</strong></span> <span class='ocrx_word' id='word_1_167' title='bbox 2370 2610 2761 2697; x_wconf 78' lang='lat' dir='ltr'><strong>superab0.“</strong></span> 
     </span>
     <span class='ocr_line' id='line_1_21' title="bbox 610 2717 2761 2807; baseline -0 -25"><span class='ocrx_word' id='word_1_168' title='bbox 610 2719 796 2783; x_wconf 88' lang='lat' dir='ltr'><strong>Haec</strong></span> <span class='ocrx_word' id='word_1_169' title='bbox 824 2717 1154 2783; x_wconf 86' lang='lat' dir='ltr'><strong>Domitius</strong></span> <span class='ocrx_word' id='word_1_170' title='bbox 1200 2718 1679 2806; x_wconf 81' lang='lat' dir='ltr'><strong>laudaruntque</strong></span> <span class='ocrx_word' id='word_1_171' title='bbox 1730 2741 1971 2803; x_wconf 81' lang='lat' dir='ltr'><strong>omnes,</strong></span> <span class='ocrx_word' id='word_1_172' title='bbox 2020 2721 2149 2784; x_wconf 89' lang='lat' dir='ltr'><strong>nisi</strong></span> <span class='ocrx_word' id='word_1_173' title='bbox 2195 2719 2370 2807; x_wconf 89' lang='lat' dir='ltr'><strong>quod</strong></span> <span class='ocrx_word' id='word_1_174' title='bbox 2412 2720 2761 2784; x_wconf 88' lang='lat' dir='ltr'><strong>restrin-</strong></span> 
     </span>
     <span class='ocr_line' id='line_1_22' title="bbox 608 2823 2761 2914; baseline 0.001 -28"><span class='ocrx_word' id='word_1_175' title='bbox 608 2824 728 2886; x_wconf 86' lang='lat' dir='ltr'><strong>xit</strong></span> <span class='ocrx_word' id='word_1_176' title='bbox 771 2823 917 2886; x_wconf 85' lang='lat' dir='ltr'><strong>fieri</strong></span> <span class='ocrx_word' id='word_1_177' title='bbox 963 2825 1366 2888; x_wconf 84' lang='lat' dir='ltr'><strong>restinxit</strong></span> <span class='ocrx_word' id='word_1_178' title='bbox 1413 2826 1612 2911; x_wconf 86' lang='lat' dir='ltr'><strong>jussit</strong></span> <span class='ocrx_word' id='word_1_179' title='bbox 1660 2823 2110 2909; x_wconf 82' lang='lat' dir='ltr'><strong>Marklandus,</strong></span> <span class='ocrx_word' id='word_1_180' title='bbox 2162 2849 2356 2914; x_wconf 87' lang='lat' dir='ltr'><strong>quem</strong></span> <span class='ocrx_word' id='word_1_181' title='bbox 2402 2833 2761 2912; x_wconf 86' lang='lat' dir='ltr'><strong>sequuntur</strong></span> 
     </span>
     <span class='ocr_line' id='line_1_23' title="bbox 611 2927 2760 3018; baseline 0.002 -26"><span class='ocrx_word' id='word_1_182' title='bbox 611 2927 1003 2993; x_wconf 87' lang='lat' dir='ltr'><strong>Duebnerus</strong></span> <span class='ocrx_word' id='word_1_183' title='bbox 1059 2930 1546 3017; x_wconf 78' lang='lat' dir='ltr'><strong>Queckiusque.</strong></span> <span class='ocrx_word' id='word_1_184' title='bbox 1647 2931 2107 3018; x_wconf 88' lang='lat' dir='ltr'><strong>Occupaverat</strong></span> <span class='ocrx_word' id='word_1_185' title='bbox 2151 2955 2311 2997; x_wconf 92' lang='lat' dir='ltr'><strong>vero</strong></span> <span class='ocrx_word' id='word_1_186' title='bbox 2360 2955 2503 2996; x_wconf 86' lang='lat' dir='ltr'><strong>eam</strong></span> <span class='ocrx_word' id='word_1_187' title='bbox 2548 2946 2760 2996; x_wconf 84' lang='lat' dir='ltr'><strong>macu-</strong></span> 
     </span>
     <span class='ocr_line' id='line_1_24' title="bbox 613 3032 2757 3124; baseline 0.001 -26"><span class='ocrx_word' id='word_1_188' title='bbox 613 3033 744 3098; x_wconf 87' lang='lat' dir='ltr'><strong>lam</strong></span> <span class='ocrx_word' id='word_1_189' title='bbox 800 3032 1028 3121; x_wconf 87' lang='lat' dir='ltr'><strong>(quam</strong></span> <span class='ocrx_word' id='word_1_190' title='bbox 1076 3035 1162 3098; x_wconf 88' lang='lat' dir='ltr'><strong>ad</strong></span> <span class='ocrx_word' id='word_1_191' title='bbox 1209 3034 1371 3100; x_wconf 89' lang='lat' dir='ltr'><strong>alios</strong></span> <span class='ocrx_word' id='word_1_192' title='bbox 1416 3035 1655 3100; x_wconf 84' lang='lat' dir='ltr'><strong>multos</strong></span> <span class='ocrx_word' id='word_1_193' title='bbox 1702 3035 1879 3102; x_wconf 89' lang='lat' dir='ltr'><strong>locos</strong></span> <span class='ocrx_word' id='word_1_194' title='bbox 1926 3040 2317 3124; x_wconf 86' lang='lat' dir='ltr'><strong>pertinuisse</strong></span> <span class='ocrx_word' id='word_1_195' title='bbox 2364 3046 2617 3102; x_wconf 85' lang='lat' dir='ltr'><strong>constat</strong></span> <span class='ocrx_word' id='word_1_196' title='bbox 2677 3038 2757 3101; x_wconf 90' lang='lat' dir='ltr'><strong>cf.</strong></span> 
     </span>
     <span class='ocr_line' id='line_1_25' title="bbox 613 3139 2757 3229; baseline 0.001 -24"><span class='ocrx_word' id='word_1_197' title='bbox 613 3139 809 3205; x_wconf 88' lang='lat' dir='ltr'><strong>Ovid.</strong></span> <span class='ocrx_word' id='word_1_198' title='bbox 838 3139 996 3204; x_wconf 83' lang='lat' dir='ltr'><strong>Met.</strong></span> <span class='ocrx_word' id='word_1_199' title='bbox 1031 3140 1167 3205; x_wconf 87' lang='grc' dir='ltr'><strong>ΧΠ.</strong></span> <span class='ocrx_word' id='word_1_200' title='bbox 1194 3141 1345 3206; x_wconf 85' lang='lat'><strong>543.</strong></span> <span class='ocrx_word' id='word_1_201' title='bbox 1419 3141 1763 3208; x_wconf 82' lang='lat' dir='ltr'><strong>Claudian.</strong></span> <span class='ocrx_word' id='word_1_202' title='bbox 1797 3143 1875 3207; x_wconf 91' lang='lat' dir='ltr'><strong>B.</strong></span> <span class='ocrx_word' id='word_1_203' title='bbox 1912 3143 2061 3208; x_wconf 83' lang='lat' dir='ltr'><strong>Get.</strong></span> <span class='ocrx_word' id='word_1_204' title='bbox 2096 3145 2245 3209; x_wconf 79' lang='lat'><strong>291.</strong></span> <span class='ocrx_word' id='word_1_205' title='bbox 2296 3143 2549 3229; x_wconf 83' lang='lat' dir='ltr'><strong>Corrip.</strong></span> <span class='ocrx_word' id='word_1_206' title='bbox 2583 3143 2629 3208; x_wconf 86' lang='lat' dir='ltr'><strong>J</strong></span> <span class='ocrx_word' id='word_1_207' title='bbox 2634 3166 2691 3213; x_wconf 87' lang='lat' dir='ltr'><strong>o,</strong></span> <span class='ocrx_word' id='word_1_208' title='bbox 2717 3142 2757 3208; x_wconf 93' lang='lat' dir='ltr'><strong>l.</strong></span> 
     </span>
     <span class='ocr_line' id='line_1_26' title="bbox 617 3245 2759 3336; baseline 0.001 -25"><span class='ocrx_word' id='word_1_209' title='bbox 617 3245 769 3311; x_wconf 84' lang='lat'><strong>340.</strong></span> <span class='ocrx_word' id='word_1_210' title='bbox 793 3245 946 3314; x_wconf 88' lang='lat' dir='ltr'><strong>Vlll.</strong></span> <span class='ocrx_word' id='word_1_211' title='bbox 979 3245 1122 3312; x_wconf 82' lang='lat'><strong>135.</strong></span> <span class='ocrx_word' id='word_1_212' title='bbox 1179 3255 1244 3310; x_wconf 85' lang='lat' dir='ltr'><strong>et</strong></span> <span class='ocrx_word' id='word_1_213' title='bbox 1273 3248 1342 3310; x_wconf 90' lang='lat' dir='ltr'><strong>in</strong></span> <span class='ocrx_word' id='word_1_214' title='bbox 1375 3249 1559 3334; x_wconf 82' lang='lat' dir='ltr'><strong>cujus</strong></span> <span class='ocrx_word' id='word_1_215' title='bbox 1592 3251 1981 3314; x_wconf 82' lang='lat' dir='ltr'><strong>auctoritate</strong></span> <span class='ocrx_word' id='word_1_216' title='bbox 2015 3249 2344 3336; x_wconf 84' lang='lat' dir='ltr'><strong>acquievit</strong></span> <span class='ocrx_word' id='word_1_217' title='bbox 2366 3247 2759 3314; x_wconf 85' lang='lat' dir='ltr'><strong>Arntzenius</strong></span> 
     </span>
     <span class='ocr_line' id='line_1_27' title="bbox 607 3351 2758 3442; baseline 0.001 -26"><span class='ocrx_word' id='word_1_218' title='bbox 607 3351 746 3416; x_wconf 87' lang='lat' dir='ltr'><strong>Inc.</strong></span> <span class='ocrx_word' id='word_1_219' title='bbox 772 3351 1018 3436; x_wconf 84' lang='lat' dir='ltr'><strong>Paneg.</strong></span> <span class='ocrx_word' id='word_1_220' title='bbox 1054 3351 1463 3417; x_wconf 86' lang='lat' dir='ltr'><strong>Constantin.</strong></span> <span class='ocrx_word' id='word_1_221' title='bbox 1499 3354 1558 3436; x_wconf 87' lang='grc'><strong>6,</strong></span> <span class='ocrx_word' id='word_1_222' title='bbox 1586 3355 1629 3418; x_wconf 85' lang='grc'><strong>2</strong></span> <span class='ocrx_word' id='word_1_223' title='bbox 1658 3379 1723 3441; x_wconf 89' lang='lat' dir='ltr'><strong>p.</strong></span> <span class='ocrx_word' id='word_1_224' title='bbox 1757 3354 1907 3436; x_wconf 85' lang='lat'>488,</span> <span class='ocrx_word' id='word_1_225' title='bbox 1942 3355 2150 3420; x_wconf 84' lang='lat' dir='ltr'><strong>Drak.</strong></span> <span class='ocrx_word' id='word_1_226' title='bbox 2184 3355 2331 3420; x_wconf 90' lang='lat' dir='ltr'><strong>Liv.</strong></span> <span class='ocrx_word' id='word_1_227' title='bbox 2365 3356 2453 3420; x_wconf 90' lang='lat' dir='ltr'><strong>X.</strong></span> <span class='ocrx_word' id='word_1_228' title='bbox 2492 3355 2593 3438; x_wconf 86' lang='lat'><strong>13,</strong></span> <span class='ocrx_word' id='word_1_229' title='bbox 2628 3355 2666 3419; x_wconf 88' lang='grc'>8</span> <span class='ocrx_word' id='word_1_230' title='bbox 2692 3379 2758 3442; x_wconf 93' lang='lat' dir='ltr'><strong>p.</strong></span> 
     </span>
     <span class='ocr_line' id='line_1_28' title="bbox 575 3456 2760 3548; baseline 0.001 -27"><span class='ocrx_word' id='word_1_231' title='bbox 575 3457 692 3521; x_wconf 67' lang='lat'><strong>95</strong></span> <span class='ocrx_word' id='word_1_232' title='bbox 727 3456 856 3545; x_wconf 85' lang='lat' dir='ltr'><strong>sq.)</strong></span> <span class='ocrx_word' id='word_1_233' title='bbox 905 3456 1283 3543; x_wconf 87' lang='lat' dir='ltr'><strong>abstergere</strong></span> <span class='ocrx_word' id='word_1_234' title='bbox 1329 3457 1860 3545; x_wconf 88' lang='lat' dir='ltr'><strong>Lindenbrogius</strong></span> <span class='ocrx_word' id='word_1_235' title='bbox 1915 3461 2120 3526; x_wconf 84' lang='lat' dir='ltr'><strong>fretus</strong></span> <span class='ocrx_word' id='word_1_236' title='bbox 2174 3462 2563 3526; x_wconf 81' lang='lat' dir='ltr'><strong>auctoritate</strong></span> <span class='ocrx_word' id='word_1_237' title='bbox 2621 3463 2760 3548; x_wconf 89' lang='lat' dir='ltr'><strong>ejus</strong></span> 
     </span>
     <span class='ocr_line' id='line_1_29' title="bbox 611 3560 2758 3654; baseline 0.002 -29"><span class='ocrx_word' id='word_1_238' title='bbox 611 3560 782 3645; x_wconf 84' lang='lat' dir='ltr'><strong>libri,</strong></span> <span class='ocrx_word' id='word_1_239' title='bbox 833 3584 1025 3648; x_wconf 91' lang='lat' dir='ltr'><strong>quem</strong></span> <span class='ocrx_word' id='word_1_240' title='bbox 1059 3562 1236 3626; x_wconf 88' lang='lat' dir='ltr'><strong>Vet.</strong></span> <span class='ocrx_word' id='word_1_241' title='bbox 1283 3563 1731 3654; x_wconf 88' lang='lat' dir='ltr'><strong>(veterem)</strong></span> <span class='ocrx_word' id='word_1_242' title='bbox 1765 3567 1905 3654; x_wconf 85' lang='lat' dir='ltr'><strong>ipse</strong></span> <span class='ocrx_word' id='word_1_243' title='bbox 1939 3565 2227 3654; x_wconf 88' lang='lat' dir='ltr'><strong>appellat</strong></span> <span class='ocrx_word' id='word_1_244' title='bbox 2254 3591 2319 3654; x_wconf 94' lang='lat' dir='ltr'><strong>p.</strong></span> <span class='ocrx_word' id='word_1_245' title='bbox 2352 3566 2481 3632; x_wconf 84' lang='lat'><strong>473</strong></span> <span class='ocrx_word' id='word_1_246' title='bbox 2516 3590 2573 3650; x_wconf 88' lang='lat' dir='ltr'><strong>a,</strong></span> <span class='ocrx_word' id='word_1_247' title='bbox 2605 3566 2758 3631; x_wconf 89' lang='lat' dir='ltr'><strong>inde</strong></span> 
     </span>
     <span class='ocr_line' id='line_1_30' title="bbox 615 3667 2759 3756; baseline 0.002 -24"><span class='ocrx_word' id='word_1_248' title='bbox 615 3667 918 3732; x_wconf 87' lang='lat' dir='ltr'><strong>Handius</strong></span> <span class='ocrx_word' id='word_1_249' title='bbox 964 3667 1122 3733; x_wconf 86' lang='lat' dir='ltr'><strong>Silv.</strong></span> <span class='ocrx_word' id='word_1_250' title='bbox 1170 3669 1224 3733; x_wconf 94' lang='lat' dir='ltr'><strong>I.</strong></span> <span class='ocrx_word' id='word_1_251' title='bbox 1265 3670 1322 3752; x_wconf 91' lang='grc'><strong>1,</strong></span> <span class='ocrx_word' id='word_1_252' title='bbox 1355 3669 1440 3733; x_wconf 83' lang='grc'><strong>56</strong></span> <span class='ocrx_word' id='word_1_253' title='bbox 1471 3693 1537 3756; x_wconf 94' lang='grc' dir='ltr'><strong>Ρ.</strong></span> <span class='ocrx_word' id='word_1_254' title='bbox 1565 3671 1723 3754; x_wconf 81' lang='grc'><strong>105,</strong></span> <span class='ocrx_word' id='word_1_255' title='bbox 1766 3673 1978 3736; x_wconf 88' lang='lat' dir='ltr'><strong>minus</strong></span> <span class='ocrx_word' id='word_1_256' title='bbox 2020 3681 2199 3737; x_wconf 88' lang='lat' dir='ltr'><strong>recte</strong></span> <span class='ocrx_word' id='word_1_257' title='bbox 2241 3670 2380 3737; x_wconf 89' lang='lat' dir='ltr'><strong>Ms.</strong></span> <span class='ocrx_word' id='word_1_258' title='bbox 2412 3672 2759 3736; x_wconf 87' lang='lat' dir='ltr'><strong>Linden-</strong></span> 
     </span>
     <span class='ocr_line' id='line_1_31' title="bbox 603 3773 2756 3865; baseline 0.002 -28"><span class='ocrx_word' id='word_1_259' title='bbox 603 3773 881 3860; x_wconf 85' lang='lat' dir='ltr'><strong>brogii</strong></span> <span class='ocrx_word' id='word_1_260' title='bbox 911 3773 1222 3839; x_wconf 86' lang='lat' dir='ltr'><strong>Barthius</strong></span> <span class='ocrx_word' id='word_1_261' title='bbox 1270 3799 1378 3862; x_wconf 85' lang='lat' dir='ltr'><strong>ap.</strong></span> <span class='ocrx_word' id='word_1_262' title='bbox 1408 3775 1628 3841; x_wconf 82' lang='lat' dir='ltr'><strong>Hand.</strong></span> <span class='ocrx_word' id='word_1_263' title='bbox 1661 3776 1715 3840; x_wconf 95' lang='lat' dir='ltr'><strong>I.</strong></span> <span class='ocrx_word' id='word_1_264' title='bbox 1756 3778 1814 3861; x_wconf 85' lang='lat'><strong>1,</strong></span> <span class='ocrx_word' id='word_1_265' title='bbox 1850 3779 1933 3843; x_wconf 84' lang='lat'><strong>38</strong></span> <span class='ocrx_word' id='word_1_266' title='bbox 1969 3802 2033 3864; x_wconf 90' lang='grc' dir='ltr'><strong>Ρ.</strong></span> <span class='ocrx_word' id='word_1_267' title='bbox 2068 3779 2151 3844; x_wconf 83' lang='grc'><strong>87</strong></span> <span class='ocrx_word' id='word_1_268' title='bbox 2188 3787 2253 3842; x_wconf 86' lang='lat' dir='ltr'><strong>et</strong></span> <span class='ocrx_word' id='word_1_269' title='bbox 2284 3777 2457 3843; x_wconf 86' lang='lat' dir='ltr'><strong>Adv.</strong></span> <span class='ocrx_word' id='word_1_270' title='bbox 2503 3777 2547 3842; x_wconf 91' lang='lat' dir='ltr'><strong>l.</strong></span> <span class='ocrx_word' id='word_1_271' title='bbox 2598 3777 2659 3842; x_wconf 90' lang='lat' dir='ltr'><strong>d.</strong></span> <span class='ocrx_word' id='word_1_272' title='bbox 2692 3803 2756 3865; x_wconf 92' lang='lat' dir='ltr'><strong>p.</strong></span> 
     </span>
     <span class='ocr_line' id='line_1_32' title="bbox 618 3879 2761 3967; baseline 0.002 -25"><span class='ocrx_word' id='word_1_273' title='bbox 618 3879 774 3943; x_wconf 84' lang='lat'><strong>767:</strong></span> <span class='ocrx_word' id='word_1_274' title='bbox 823 3903 974 3944; x_wconf 89' lang='lat' dir='ltr'><strong>nam</strong></span> <span class='ocrx_word' id='word_1_275' title='bbox 1020 3880 1164 3967; x_wconf 88' lang='lat' dir='ltr'><strong>ipse</strong></span> <span class='ocrx_word' id='word_1_276' title='bbox 1194 3880 1723 3966; x_wconf 86' lang='lat' dir='ltr'><strong>Lindenbrogius</strong></span> <span class='ocrx_word' id='word_1_277' title='bbox 1757 3881 2011 3965; x_wconf 82' lang='lat' dir='ltr'><strong>„Silvas</strong></span> <span class='ocrx_word' id='word_1_278' title='bbox 2060 3906 2207 3948; x_wconf 88' lang='lat' dir='ltr'><strong>cum</strong></span> <span class='ocrx_word' id='word_1_279' title='bbox 2256 3883 2507 3949; x_wconf 85' lang='lat' dir='ltr'><strong>duabus</strong></span> <span class='ocrx_word' id='word_1_280' title='bbox 2553 3892 2761 3947; x_wconf 81' lang='lat' dir='ltr'><strong>veter-</strong></span> 
     </span>
     <span class='ocr_line' id='line_1_33' title="bbox 621 3982 2761 4078; baseline 0.004 -33"><span class='ocrx_word' id='word_1_281' title='bbox 621 3982 766 4048; x_wconf 87' lang='lat' dir='ltr'><strong>ibus</strong></span> <span class='ocrx_word' id='word_1_282' title='bbox 806 3983 1200 4050; x_wconf 87' lang='lat' dir='ltr'><strong>editionibus</strong></span> <span class='ocrx_word' id='word_1_283' title='bbox 1235 4009 1304 4050; x_wconf 91' lang='lat' dir='ltr'><strong>se</strong></span> <span class='ocrx_word' id='word_1_284' title='bbox 1337 4008 1750 4074; x_wconf 85' lang='lat' dir='ltr'><strong>comparasse</strong></span> <span class='ocrx_word' id='word_1_285' title='bbox 1801 3988 1957 4053; x_wconf 87' lang='lat' dir='ltr'><strong>dicit</strong></span> <span class='ocrx_word' id='word_1_286' title='bbox 2002 3989 2086 4078; x_wconf 92' lang='lat' dir='ltr'><strong>[p.</strong></span> <span class='ocrx_word' id='word_1_287' title='bbox 2120 3988 2249 4077; x_wconf 92' lang='lat' dir='ltr'><strong>Vl.]</strong></span> <span class='ocrx_word' id='word_1_288' title='bbox 2284 3990 2405 4054; x_wconf 88' lang='lat' dir='ltr'><strong>Ms.</strong></span> <span class='ocrx_word' id='word_1_289' title='bbox 2432 3990 2537 4053; x_wconf 88' lang='lat' dir='ltr'><strong>hic</strong></span> <span class='ocrx_word' id='word_1_290' title='bbox 2571 3989 2761 4054; x_wconf 86' lang='lat' dir='ltr'><strong>desti-</strong></span> 
     </span>
     <span class='ocr_line' id='line_1_34' title="bbox 613 4089 2758 4180; baseline 0.005 -30"><span class='ocrx_word' id='word_1_291' title='bbox 613 4093 892 4151; x_wconf 82' lang='lat' dir='ltr'><strong>tutum.“</strong></span> <span class='ocrx_word' id='word_1_292' title='bbox 926 4089 1051 4154; x_wconf 80' lang='lat' dir='ltr'><strong>Cui</strong></span> <span class='ocrx_word' id='word_1_293' title='bbox 1075 4100 1419 4178; x_wconf 87' lang='lat' dir='ltr'><strong>postquam</strong></span> <span class='ocrx_word' id='word_1_294' title='bbox 1446 4094 1780 4158; x_wconf 83' lang='lat' dir='ltr'><strong>effecimus</strong></span> <span class='ocrx_word' id='word_1_295' title='bbox 1806 4105 1875 4159; x_wconf 90' lang='lat' dir='ltr'><strong>ut</strong></span> <span class='ocrx_word' id='word_1_296' title='bbox 1900 4096 2134 4160; x_wconf 86' lang='lat' dir='ltr'><strong>merita</strong></span> <span class='ocrx_word' id='word_1_297' title='bbox 2157 4095 2299 4160; x_wconf 88' lang='lat' dir='ltr'><strong>laus</strong></span> <span class='ocrx_word' id='word_1_298' title='bbox 2326 4097 2758 4180; x_wconf 83' lang='lat' dir='ltr'><strong>contingeret,</strong></span> 
     </span>
     <span class='ocr_line' id='line_1_35' title="bbox 615 4190 2761 4279; baseline 0.005 -24"><span class='ocrx_word' id='word_1_299' title='bbox 615 4190 738 4256; x_wconf 85' lang='lat' dir='ltr'><strong>hoc</strong></span> <span class='ocrx_word' id='word_1_300' title='bbox 785 4203 1102 4279; x_wconf 88' lang='lat' dir='ltr'><strong>superest,</strong></span> <span class='ocrx_word' id='word_1_301' title='bbox 1135 4206 1209 4259; x_wconf 85' lang='lat' dir='ltr'><strong>ut</strong></span> <span class='ocrx_word' id='word_1_302' title='bbox 1239 4197 1516 4262; x_wconf 85' lang='lat' dir='ltr'><strong>Domitii</strong></span> <span class='ocrx_word' id='word_1_303' title='bbox 1563 4201 1955 4265; x_wconf 87' lang='lat' dir='ltr'><strong>sententiam</strong></span> <span class='ocrx_word' id='word_1_304' title='bbox 1988 4210 2199 4266; x_wconf 82' lang='lat' dir='ltr'><strong>ratam</strong></span> <span class='ocrx_word' id='word_1_305' title='bbox 2232 4201 2547 4266; x_wconf 87' lang='lat' dir='ltr'><strong>faciamus</strong></span> <span class='ocrx_word' id='word_1_306' title='bbox 2593 4225 2761 4267; x_wconf 88' lang='lat' dir='ltr'><strong>com·</strong></span> 
     </span>
     <span class='ocr_line' id='line_1_36' title="bbox 615 4299 2755 4392; baseline 0.004 -30"><span class='ocrx_word' id='word_1_307' title='bbox 615 4299 956 4383; x_wconf 88' lang='lat' dir='ltr'><strong>paratione</strong></span> <span class='ocrx_word' id='word_1_308' title='bbox 1006 4299 1329 4366; x_wconf 81' lang='lat' dir='ltr'><strong>Martialis</strong></span> <span class='ocrx_word' id='word_1_309' title='bbox 1377 4303 1429 4366; x_wconf 91' lang='lat'><strong>1.</strong></span> <span class='ocrx_word' id='word_1_310' title='bbox 1479 4304 1586 4387; x_wconf 77' lang='lat'><strong>42,</strong></span> <span class='ocrx_word' id='word_1_311' title='bbox 1636 4305 1708 4369; x_wconf 82' lang='lat'><strong>5:</strong></span> <span class='ocrx_word' id='word_1_312' title='bbox 1759 4306 1949 4392; x_wconf 85' lang='lat' dir='ltr'><strong>Dixit</strong></span> <span class='ocrx_word' id='word_1_313' title='bbox 2008 4315 2073 4370; x_wconf 90' lang='lat' dir='ltr'><strong>et</strong></span> <span class='ocrx_word' id='word_1_314' title='bbox 2120 4305 2505 4372; x_wconf 90' lang='lat' dir='ltr'><strong>ardentes</strong></span> <span class='ocrx_word' id='word_1_315' title='bbox 2563 4307 2755 4371; x_wconf 90' lang='lat' dir='ltr'><strong>avido</strong></span> 
     </span>
     <span class='ocr_line' id='line_1_37' title="bbox 613 4399 2754 4504; baseline 0.005 -38"><span class='ocrx_word' id='word_1_316' title='bbox 613 4399 778 4466; x_wconf 85' lang='lat' dir='ltr'><strong>bibit</strong></span> <span class='ocrx_word' id='word_1_317' title='bbox 811 4423 925 4467; x_wconf 86' lang='lat' dir='ltr'><strong>ore</strong></span> <span class='ocrx_word' id='word_1_318' title='bbox 957 4404 992 4467; x_wconf 86' lang='lat' dir='ltr'>f</span> <span class='ocrx_word' id='word_1_319' title='bbox 997 4403 1200 4469; x_wconf 86' lang='lat' dir='ltr'><strong>avill</strong></span> <span class='ocrx_word' id='word_1_320' title='bbox 1218 4413 1355 4471; x_wconf 83' lang='lat' dir='ltr'><strong>as“</strong></span> <span class='ocrx_word' id='word_1_321' title='bbox 1391 4418 1456 4472; x_wconf 85' lang='lat' dir='ltr'><strong>et</strong></span> <span class='ocrx_word' id='word_1_322' title='bbox 1479 4405 1854 4498; x_wconf 81' lang='lat' dir='ltr'><strong>Symmachi</strong></span> <span class='ocrx_word' id='word_1_323' title='bbox 1879 4412 2225 4504; x_wconf 86' lang='lat' dir='ltr'><strong>a-p.Popm.</strong></span> <span class='ocrx_word' id='word_1_324' title='bbox 2246 4411 2475 4504; x_wconf 91' lang='lat' dir='ltr'><strong>Vellej.</strong></span> <span class='ocrx_word' id='word_1_325' title='bbox 2499 4412 2754 4480; x_wconf 73' lang='lat' dir='ltr'><strong>Patere.</strong></span> 
     </span>
    </p>
   </div>
  </div>
 </body>
</html>
