3234 4967
1246 423 1528 488 conject.
1564 421 1739 476 xvix.
2470 419 2569 474 235

429 593 672 648 Orionem
725 609 816 660 per
853 594 1170 644 Boeotiae
1225 595 1435 644 silvas
1489 601 1729 660 vagatum
1791 602 1843 644 et
1892 592 2333 644 vehementissime
2372 599 2424 642 et
2459 593 2569 642 diu·

431 681 624 732 tissime
663 681 922 730 laborasse
976 679 1126 728 certis
1190 687 1386 730 constat
1422 679 1746 742 testimoniis,
1797 691 1929 742 quae
1965 677 2017 727 in
2054 677 2275 728 medium
2310 678 2571 727 attulimus

435 766 600 818 Theb.
643 766 827 818 Parad.
865 766 901 814 l.
937 765 984 814 d.
1023 766 1141 816 add.
1180 763 1352 814 Schol.
1389 763 1541 820 Bern.
1581 763 1873 816 Germanic.
1910 780 1961 828 p.
2001 763 2113 827 235,
2153 763 2249 814 31:
2295 761 2569 826 „Virgilia-

432 867 542 902 rum
581 879 640 887 —
679 866 784 900 una
820 851 908 900 vix
943 851 1177 911 intuetur,
1215 865 1366 914 quam
1404 850 1578 900 dicunt
1614 850 1687 900 ob
1724 864 1993 901 amorem
2034 846 2294 898 Orionis
2330 849 2571 913 fugisse.“

433 933 594 1000 Atqui
637 936 798 1000 ipsum
835 935 1128 986 Pliadum
1182 949 1367 998 nomen
1425 935 1657 997 quamvis
1713 948 1766 982 re
1803 933 2067 998 probabile
2099 931 2206 994 jam
2258 934 2570 984 intellectum

432 1027 509 1070 est
543 1021 696 1068 verbo
733 1020 1015 1072 abhorrere.
1089 1017 1316 1078 Accedit,
1357 1019 1493 1082 quod
1517 1019 1786 1081 quominus
1811 1033 1876 1068 cx
1896 1017 2129 1067 Pliadum
2166 1031 2381 1068 numero
2419 1033 2573 1068 unam

431 1113 720 1169 excerptam
781 1105 934 1156 fuisse
992 1112 1270 1154 statuamus
1342 1105 1446 1152 sive
1508 1101 1803 1154 Glaucen
1866 1102 2191 1165 (callimach.
2256 1119 2336 1167 ap.
2398 1101 2571 1154 Schol.

431 1189 649 1244 Theocr,
687 1189 838 1242 XIII.
878 1191 942 1240 25
1002 1206 1050 1253 p.
1091 1190 1200 1240 360-
1243 1191 1272 1239 5
1313 1187 1374 1240 cf.
1441 1197 1490 1237 et
1543 1189 1759 1240 Munck.
1797 1187 1931 1253 Hyg.
1974 1188 2069 1238 163
2124 1203 2171 1252 p.
2211 1189 2325 1236 277.
2362 1194 2471 1236 not.
2527 1189 2573 1240 8.

430 1273 602 1326 Schol.
656 1273 807 1324 Hom.
855 1269 918 1328 ΙΙ.
955 1273 1053 1328 111.
1109 1275 1205 1323 189
1241 1290 1289 1337 p.
1335 1277 1446 1332 105,
1482 1275 1548 1324 43
1612 1281 1663 1322 et
1715 1275 1979 1324 Plutarch.
2033 1271 2241 1334 Quaest.
2304 1269 2391 1322 Gr.
2428 1266 2576 1322 XL'I.
2678 1311 2685 1319 .

431 1375 482 1426 p,
516 1361 633 1410 401.
705 1357 942 1408 Dindorf.
991 1357 1168 1422 Stepli.
1209 1358 1366 1410 Thes.
1403 1358 1472 1410 11.
1513 1375 1567 1424 p.
1609 1360 1727 1409 635.
1765 1357 1833 1423 Β)
1889 1352 1995 1408 sive
2051 1357 2320 1408 Placian
2374 1353 2574 1420 (Schol.

431 1443 650 1496 Theocr.
688 1443 722 1492 l.
751 1444 808 1514 d·
849 1442 914 1492 cf.
954 1441 1205 1506 Apollod.
1253 1444 1350 1496 111.
1395 1445 1474 1505 12,
1513 1445 1544 1493 3
1580 1460 1629 1508 p.
1672 1445 1786 1504 107,
1828 1443 1941 1507 17),
2002 1443 2211 1507 impedit
2261 1443 2369 1506 ipsc
2422 1449 2575 1507 poeta

432 1529 699 1592 vulgatiori
753 1528 921 1578 famae
975 1543 1208 1578 assensus
1262 1529 1400 1578 Fast.
1459 1529 1553 1580 IV.
1598 1531 1694 1580 170
1747 1543 1820 1594 sq.
1894 1527 2046 1579 Trist.
2084 1517 2243 1592 1.1'1‚
2285 1528 2363 1580 14.
2433 1526 2574 1593 Ergo

435 1615 669 1677 quoniam
708 1622 908 1662 manent
945 1615 1051 1672 illa,
1090 1628 1221 1678 quae
1257 1613 1304 1660 in
1343 1614 1677 1678 reprobandis
1714 1613 1907 1664 Heinsii
1947 1630 1994 1678 p.
2017 1615 2116 1663 594
2152 1625 2203 1661 et
2220 1599 2356 1664 Fast.
2382 1611 2446 1662 V.
2473 1613 2573 1664 499

407 1707 479 1766 'p.
519 1701 616 1750 347
657 1697 772 1761 (‚,in
809 1699 1029 1748 Dirces
1068 1695 1260 1761 silvis“)
1315 1707 1364 1748 et
1400 1699 1507 1748 Jac.
1553 1697 1801 1748 Gronovii
1840 1697 2014 1763 Steph.
2054 1699 2176 1763 Byz.
2216 1713 2263 1762 p.
2303 1698 2401 1748 543
2461 1697 2570 1758 („in

433 1784 560 1834 Zae
577 1799 644 1832 ae
684 1782 878 1846 silvis“)
935 1785 1152 1832 inventis
1189 1783 1582 1833 inculcavimus.-
1646 1791 2075 1845 „consentaneum
2124 1784 2329 1834 omnino
2366 1791 2473 1832 erat
2510 1783 2574 1832 ad

433 1869 814 1918 similitudinem
869 1869 1075 1920 alterius
1115 1880 1314 1918 versus:
1375 1866 1687 1917 Pallidus
1724 1869 1785 1918 in
1819 1869 1997 1918 lcnta
2032 1868 2233 1920 Naide
2270 1867 2575 1933 Daphnis

435 1963 571 2012 erat
623 1962 673 2002 et
709 1955 832 2010 Anu
873 1953 972 2002 111.
1016 1954 1071 2012 6,
1109 1954 1198 2002 252
1271 1951 1492 2002 Inachus
1544 1953 1606 2001 in
1663 1954 1857 2002 Melie
1911 1954 2232 2019 Lyrceide
2286 1952 2577 2017 pallidus

434 2041 566 2091 isse
602 2039 866 2088 Dicitur
914 2039 1196 2090 sententiae
1235 2039 1284 2088 id
1319 2038 1518 2100 exquiri
1558 2039 1985 2103 supplementum,
2040 2053 2142 2102 quo
2176 2038 2559 2102 intelligeretur,

435 2125 576 2189 cujus
613 2123 855 2174 Orionem
917 2139 1058 2174 amor
1094 2121 1434 2172 confecerit“:
1505 2125 1568 2172 dc
1622 2125 1823 2188 integro
1870 2139 1947 2174 res
1986 2133 2037 2174 et
2074 2139 2227 2176 causa
2262 2123 2578 2188 exploranda

435 2218 524 2265 est.
600 2209 962 2260 consideranti
997 2216 1163 2258 sutem
1200 2209 1444 2271 quidquid
1499 2209 1769 2260 scribendo
1806 2211 2051 2260 variatum
2104 2210 2185 2258 hic
2224 2223 2445 2271 unquam
2484 2217 2574 2258 est.

433 2297 532 2345 hoc
569 2296 782 2358 emergit
837 2302 993 2358 atque
1049 2295 1188 2342 lucet
1224 2295 1460 2342 vocabuli
1498 2302 1749 2344 vetustate
1801 2294 1911 2357 jam
1965 2295 2135 2346 obruti
2168 2293 2393 2358 primam·
2420 2293 2575 2344 fuisse

433 2381 684 2445 syllabam
721 2380 821 2430 lir.
894 2379 1025 2428 Nam
1081 2388 1134 2427 et
1168 2379 1220 2426 in
1257 2381 1453 2441 aliquot
1503 2379 1677 2428 libris·
1708 2387 1853 2430 extat
1886 2379 2053 2452 {irice
2092 2377 2346 2445 (lyrice)
2382 2393 2477 2428 nec
2510 2379 2577 2428 ab

435 2465 550 2526 hoc,
607 2480 738 2528 quae
792 2464 873 2513 alii
929 2464 1042 2512 libri
1098 2465 1365 2528 praebent-t
1421 2463 1592 2522 linea,
1632 2464 1842 2527 lincea,·
1871 2464 2073 2522 linces,
2112 2459 2335 2523 Lineie,
2380 2464 2575 2516 linceis

435 2549 665 2611 illincis,
702 2550 908 2612 longius
945 2549 1148 2608 distant,
1185 2564 1336 2611 quam
1371 2563 1406 2598 a.
1442 2548 1675 2613 Liriope
1710 2551 1947 2616 Lynope
1984 2551 2123 2604 editt,
2145 2549 2263 2598 Vib.
2300 2549 2421 2612 Seq.
2440 2565 2488 2613 p.
2510 2550 2574 2598 22

437 2643 486 2685 et
519 2649 650 2698 quae
688 2633 1074 2694 memoravimus
1110 2631 1352 2696 Conject..
1375 2632 1498 2692 XV,
1559 2643 1647 2682 aut
1706 2651 1818 2685 cum
1878 2636 1977 2686 hoc
2023 2636 2136 2698 ipso
2191 2635 2385 2694 linea,
2442 2648 2573 2698 quae

437 2721 486 2768 in
523 2718 731 2782 reliquis
754 2719 1108 2768 inveniuntur:
1143 2718 1355 2778 Liciae‚
1393 2719 1574 2779 Litie,
1609 2719 1815 2779 Licita,
1849 2720 1965 2783 plus
1991 2717 2247 2779 differunt,
2284 2733 2437 2782 quam
2462 2733 2576 2770 cum

437 2804 674 2868 sine(te)
712 2805 848 2854 sitie
886 2803 1058 2852 Berol.
1085 2802 1310 2852 Martial.
1339 2803 1430 2853 VI.
1459 2807 1540 2863 85,
1563 2807 1610 2864 1,
1647 2820 1757 2857 cum
1797 2803 1985 2870 Clytie
2020 2803 2206 2869 Clyne
2244 2803 2413 2855 Parm.
2434 2806 2578 2856 Lact.

434 2889 584 2941 Narr.
621 2889 752 2938 rab.
785 2887 884 2940 lv.
920 2889 952 2938 6
1005 2903 1051 2952 p.
1093 2889 1190 2938 259
1228 2888 1420 2949 Burni„
1473 2902 1586 2938 cum
1624 2888 1851 2940 Aetion
1886 2890 2093 2940 Aenon
2132 2886 2391 2952 (Conject.
2427 2888 2571 2953 11L),

437 2989 551 3028 eum
587 2974 792 3024 Latiae
828 2973 1027 3032 lanae,
1081 2987 1196 3020 cum
1247 2974 1424 3023 tantis
1460 2975 1655 3024 tacitis
1690 2973 1951 3038 (Conject.
1984 2972 2181 3036 XIV.)
2255 2973 2372 3034 Quo
2408 2975 2577 3040 posito

435 3059 760 3110 fundamento
783 3059 885 3108 hoc
920 3060 1143 3108 dilucere
1173 3060 1342 3123 coepit
1375 3061 1436 3108 ad
1473 3074 1552 3119 ea,
1589 3073 1723 3124 quae
1760 3061 1965 3124 quidam
2002 3061 2119 3110 libri
2154 3067 2347 3112 tenent:
2381 3061 2577 3120 linces,

440 3145 691 3206 Lineeis,
728 3141 946 3204 illimis,
981 3143 1234 3210 Lyrices,
1257 3144 1560 3208 pertinuisse
1597 3145 1957 3208 contagionem
1994 3143 2262 3208 proximae
2296 3144 2439 3193 vocis
2474 3144 2578 3194 sil-

439 3229 527 3282 vis.
601 3229 650 3276 A
686 3245 788 3294 qua
841 3231 1145 3293 contagione
1200 3230 1242 3280 si
1279 3230 1595 3280 sevocaveris
1648 3244 1835 3280 nomen
1868 3228 2145 3289 Lirices,
2192 3243 2445 3292 agnosces
2471 3229 2579 3292 jam

440 3314 686 3377 syllabam
719 3313 881 3362 Liria
916 3311 1175 3377 (Conjcct.
1201 3313 1322 3364 VII.
1344 3321 1445 3364 not.
1473 3312 1530 3376 3)
1568 3314 1635 3364 ab
1650 3312 1767 3365 aliis
1792 3313 1964 3366 aliter:
2000 3313 2175 3366 Licea
2192 3315 2359 3366 Juret.
2399 3315 2582 3364 Linea

440 3399 570 3462 Reg.
609 3397 844 3456 Lincca,
897 3397 1118 3458 Licita,
1173 3399 1415 3456 Liceae‚
1470 3400 1661 3460 Licie,
1718 3397 1909 3459 Litie,
1946 3398 2175 3462 Lineie,
2213 3399 2419 3461 Lince,
2456 3397 2580 3450 Lin-

441 3499 593 3545 cem,
631 3483 894 3544 Lincam‚
932 3484 1138 3546 minei,
1175 3485 1392 3536 linceis
1431 3486 1709 3547 detortam,
1774 3499 1839 3534 ex
1876 3499 1977 3550 quo
2012 3499 2161 3534 verus
2210 3484 2323 3548 ejus
2356 3485 2581 3536 nominis

445 3570 611 3621 exitus
649 3568 878 3632 ignorari
911 3577 1122 3634 coeptus
1159 3579 1281 3621 erat.
1353 3569 1438 3620 De
1473 3584 1576 3634 quo
1612 3571 1754 3620 exitu
1792 3570 2197 3620 habere-videor
2231 3572 2369 3635 quod
2393 3570 2584 3636 liqueat

442 3669 508 3704 ex
543 3655 646 3707 alia
682 3656 832 3718 parte
870 3655 1162 3717 repetitum.
1235 3654 1468 3718 Namque
1507 3655 1777 3718 silvarum,
1815 3657 1997 3719 quibus
2032 3670 2223 3704 errasse
2260 3655 2423 3706 Orion
2461 3656 2582 3706 dici-

443 3747 556 3800 tur,
613 3740 726 3804 ipsa.
765 3737 954 3788 mentio
990 3739 1242 3802 significat
1293 3741 1358 3790 ad
1395 3753 1502 3789 eam
1551 3740 1778 3790 fabulam
1818 3749 2075 3806 spectasse
2113 3739 2373 3800 Ovidium,
2433 3755 2584 3805 quam

443 3821 718 3874 memoriae
771 3823 996 3888 prodidit-
1050 3823 1354 3875 Parthenius
1406 3823 1558 3876 XX.:
1630 3820 1841 3893 Λέγεται
1894 3822 1947 3875 δὲ
2008 3823 2092 3876 καὶ
2148 3819 2449 3880 Οἰνοπίωνος
2499 3823 2584 3874 καὶ

440 3904 632 3978 νύμφης
665 3898 874 3974 Ἑλίκης
927 3901 1064 3976 Αἱρὼ
1118 3907 1266 3979 κόρην
1317 3905 1563 3978 γενέσθαι.
1636 3907 1819 3978 ταύτης
1872 3907 1923 3960 δὲ
1969 3906 2188 3978 Ὠρίωνα
2240 3907 2324 3960 τὸν
2377 3903 2585 3976 Ὑριέως

443 3990 716 4064 ἐρασθέντα
774 3992 886 4058 παρ’
946 3991 1097 4044 αὐτοῦ
1153 3982 1499 4063 παραιτεῖσθαι
1553 3993 1645 4064 τὴν
1700 3993 1846 4064 κόρην
1901 3993 1985 4046 καὶ
2038 3992 2119 4046 διὰ
2170 3991 2354 4062 ταῦτην
2390 3993 2483 4064 τὴν
2521 4019 2584 4030 --

443 4081 628 4148 νῆσον
683 4074 1063 4146 ἐξημερῶσαι
1111 4077 1222 4130 τότε
1265 4077 1506 4150 θηρίων
1560 4076 1896 4132 ἀνάπλεων
1952 4078 2100 4132 οὖσαν
2162 4109 2223 4118 -
2287 4076 2587 4138 Οἰνοπίωνος

443 4162 674 4216 ἑκάστοτε
711 4160 1214 4232 ὑπερτιθεμένου
1251 4163 1352 4215 τὸν
1389 4165 1602 4234 γάμον.
1676 4163 1889 4218 Constat
1921 4167 2090 4230 igitur,
2130 4182 2231 4231 quo
2268 4179 2440 4214 amore
2478 4165 2587 4227 pal-

443 4250 576 4298 lidus
613 4250 780 4308 factus
819 4250 958 4300 silvis
978 4249 1138 4300 Orion
1175 4252 1442 4316 erraverit3
1479 4266 1580 4316 quo
1605 4251 1809 4300 nomine
1831 4249 2149 4316 Oenopionis
2185 4251 2292 4300 filia
2326 4249 2589 4314 appellata

444 4335 612 4396 fuerit,
647 4335 933 4396 ambigitur.
1006 4337 1282 4386 Passovius
1337 4337 1468 4386 enim
1506 4335 1678 4385 Hero
1732 4336 1921 4386 dictam
1973 4331 2133 4386 fuisse
2170 4335 2480 4400 suspicatum
2532 4341 2587 4382 at

445 4419 738 4473 Meinekius
776 4419 1020 4472 Parthen.
1079 4437 1128 4486 p.
1167 4422 1266 4472 323
1323 4431 1376 4471 et
1411 4419 1604 4474 Philol.
1642 4418 1793 4470 XIV.
1833 4421 1859 4468 1
1912 4435 1962 4484 p.
2000 4423 2030 4470 8
2084 4429 2283 4471 veretur
2336 4433 2430 4481 „ne
2482 4416 2582 4466 hoc

2082 4505 2147 4553 16
