3234 4967
656 382 734 450 14
1510 387 1763 440 Adnot.
1803 387 1953 439 1—3.

647 590 1121 678 incompertum
1177 587 1377 656 habet
1436 589 1774 674 Queckius
1829 614 1895 679 Ρ.
1937 591 2025 673 X,
2084 592 2426 679 proposuit
2480 591 2795 658 Heinsius

645 695 791 762 Val.
823 694 1043 761 Flacc.
1074 696 1194 762 IV.
1227 696 1360 762 482
1403 718 1469 784 p.
1503 695 1635 763 375
1682 705 1749 762 et
1790 695 2134 764 Claudian.
2168 721 2233 786 p.
2266 698 2417 763 962.
2444 697 2535 787 a).
2602 697 2795 765 Olau-

647 801 843 868 diano
874 803 954 869 R.
987 803 1171 868 Pros.
1201 801 1328 868 III.
1365 802 1526 867 1773
1576 801 1941 886 „lacrimis
1989 804 2269 869 offusa
2312 807 2562 890 genas“
2608 803 2791 891 (nam

645 909 770 975 hoc
824 910 1042 1005 potius
1097 907 1205 974 vel
1267 908 1552 975 suffuso
1615 909 1737 975 sibi
1784 909 1926 975 vult
1968 909 2130 975 illud
2163 910 2378 975 Vatic.
2412 929 2574 975 sec.:
2606 907 2793 974 lacri-

644 1037 804 1082 mas
873 1016 1092 1081 offus
1110 1039 1181 1098 a,
1239 1037 1434 1104 quam
1503 1016 1678 1104 quod
1746 1017 2057 1082 Heinsius
2128 1016 2433 1104 sumpsit:
2502 1015 2789 1080 lacrimis

645 1122 880 1188 effusa
923 1122 1006 1187 cf.
1039 1122 1263 1187 Burin.
1289 1122 1476 1207 Virg.
1509 1121 1680 1187 Aen.
1710 1122 1765 1186 Ι.
1801 1122 1929 1188 228
1962 1145 2027 1210 p.
2064 1122 2167 1186 71.
2205 1121 2345 1188 Inc.
2377 1121 2562 1187 Pass.
2593 1121 2787 1187 Dom.

643 1228 758 1295 52:
806 1238 1224 1316 „terramque
1270 1265 1358 1277 —
1395 1225 1697 1294 lacrimis
1729 1227 2134 1317 suffunde“).
2187 1225 2451 1294 Valerio
2494 1227 2787 1294 Maximo

525 1413 542 1432 ·
641 1333 732 1400 II.
768 1334 828 1417 7,
869 1331 946 1400 63
995 1333 1216 1400 oculos
1247 1373 1336 1384 --
1364 1334 1733 1401 tenebris
1782 1334 2120 1403 offusos.
2176 1330 2481 1401 Ciceroni
2513 1333 2660 1400 Fin.
2692 1331 2783 1400 111.

646 1441 759 1506 13:
812 1440 1246 1525 „obscuratur
1291 1452 1359 1507 et
1405 1441 1887 1507 offunditur
1929 1441 2073 1506 luce
2122 1440 2276 1507 solis
2320 1438 2539 1506 lumen
2583 1439 2791 1506 lucer-

639 1551 832 1612 nae.“
884 1546 1229 1613 Lactantio
1272 1546 1434 1613 Inst.
1483 1548 1639 1614 VII.
1674 1549 1780 1631 24,
1828 1548 1894 1613 73
1952 1597 1992 1632 „
2008 1546 2339 1630 tenebrae,
2398 1546 2632 1635 quibus
2680 1545 2788 1612 of-

639 1653 888 1718 funde
906 1662 1042 1718 tur
1071 1663 1268 1741 atque
1302 1653 1765 1720 obcaecabitur
1794 1651 2113 1718 caelum.“
2147 1652 2229 1717 de
2258 1654 2371 1719 Ira
2400 1652 2457 1718 Ι.
2491 1653 2554 1718 5.
2602 1653 2788 1739 Ergo

639 1761 695 1824 is
719 1781 759 1824 a
781 1759 993 1825 Statio
1019 1759 1257 1824 dicitur
1282 1758 1334 1824 C
1353 1757 1707 1824 aetaliae
1741 1757 1983 1823 undis
2014 1759 2369 1841 infusus,
2404 1761 2517 1845 qui
2540 1781 2580 1824 a
2604 1759 2788 1826 Sido·

639 1866 748 1930 nio
772 1863 991 1953 Apoll.
1016 1863 1246 1930 XXlll.
1273 1865 1398 1930 207
1433 1886 1743 1930 mersus
1773 1885 1947 1953 aqua
1986 1862 2359 1951 loquacis
2404 1862 2675 1928 undae
2719 1873 2785 1928 et

639 1969 750 2034 lX.
777 1970 902 2034 281
937 1979 1167 2059 potata
1207 1964 1584 2036 madidus
1628 1970 1723 2036 ab
1761 1969 2283 2058 Hippocrene
2328 1978 2394 2034 et
2428 1967 2782 2056 Fulgentio

637 2075 691 2139 Ι.
724 2097 788 2162 Ρ.
828 2073 987 2140 6073
1051 2076 1539 2162 „Gorgonei
1584 2075 1858 2143 fontis
1903 2075 2298 2163 adspergine
2344 2073 2784 2140 madidus.“

735 2267 740 2272 ι
812 2180 923 2246 Ex
986 2181 1222 2269 quibus
1275 2183 1372 2249 ita
1427 2184 1744 2271 expositis
1803 2181 2191 2268 intelligitur
2247 2179 2442 2246 illud:
2499 2200 2595 2246 ne
2614 2203 2651 2248 c
2694 2221 2784 2232 --

635 2285 833 2373 ulla,
881 2287 1058 2376 quod
1103 2310 1309 2378 quum
1351 2312 1574 2356 omnes
1620 2290 2064 2378 probaverint,
2113 2309 2302 2354 nemo
2349 2297 2568 2353 tamen
2600 2299 2780 2354 recte

635 2403 702 2458 et
761 2380 1005 2460 usitate*
1057 2395 1187 2460 dici
1239 2395 1496 2462 idoneis
1565 2396 1975 2462 confirmavit
2035 2392 2371 2482 exemplis,
2441 2393 2585 2459 loco
2650 2417 2783 2460 mo-

633 2499 918 2565 vendum
980 2521 1143 2583 esse,
1203 2501 1670 2588 recipiendum,
1730 2501 1906 2590 quod
1949 2499 2259 2565 Barthius
2304 2498 2347 2563 l.
2394 2498 2459 2564 d.
2506 2497 2781 2564 solerter

633 2607 884 2671 invenit
901 2628 940 2688 3ι
981 2604 1230 2691 ultra,
1280 2609 1606 2674 contrario
1653 2608 1951 2672 instituto
1999 2616 2196 2694 atque
2242 2605 2419 2693 apud
2464 2605 2777 2671 Serenum

634 2711 1115 2776 Sammonicum
1161 2724 1305 2799 cap.
1337 2713 1426 2779 63
1454 2735 1519 2779 v.
1558 2713 1760 2778 1087:
1810 2710 2160 2800 „Curaque
2206 2708 2299 2775 nil
2343 2709 2615 2798 prodest
2657 2730 2781 2776 nec

635 2815 900 2882 ducitur
939 2815 1158 2882 ultra
1203 2818 1530 2884 cicatrix“
1576 2820 1717 2906 jam
1749 2816 1981 2884 melior
2008 2816 2325 2884 librorum
2355 2816 2561 2882 fides:
2608 2815 2781 2882 ulla

635 2923 957 2990 cicatrix“
987 2924 1385 3011 praevaluit3
1436 2945 1512 2989 ac
1560 2924 1859 2990 similiter
1887 2925 2073 3018 apud·
2100 2923 2428 2990 Avienum
2456 2923 2543 2988 D.
2577 2922 2659 2989 Ο.
2689 2962 2779 2973 -

631 3050 783 3095 nam
838 3031 1249 3097 commemini
1292 3070 1382 3081 —
1427 3029 1775 3097 scribendo
1831 3030 1983 3096 illa
2042 3041 2109 3096 et
2167 3029 2393 3096 ultra
2449 3031 2777 3096 variatum

633 3145 751 3200 est.
811 3136 980 3202 Nam
1049 3155 1183 3202 non
1249 3137 1445 3203 modo
1512 3145 1648 3204 tam
1716 3137 2045 3225 frequenti
2116 3158 2257 3219 usu,
2332 3158 2526 3224 quam
2590 3133 2774 3220 illud,

633 3241 809 3330 quod
853 3244 1082 3331 primis
1127 3243 1348 3310 verbis
1395 3244 1807 3333 subjunctum
1853 3244 2179 3310 videmus:
2242 3261 2501 3330 neque
2563 3244 2775 3308 enim

633 3347 878 3437 (Burm.
925 3348 1127 3415 Anth.
1166 3351 1313 3416 Lat.
1354 3351 1411 3416 I.
1445 3351 1551 3434 89,
1599 3352 1685 3417 33
1726 3371 1791 3439 p.
1828 3350 1931 3416 72.
1993 3349 2213 3416 Hand.
2244 3346 2523 3414 Tursell.
2554 3347 2675 3416 IV.
2707 3372 2772 3438 p.

636 3453 814 3544 115),
848 3464 1184 3544 receptum
1229 3456 1429 3522 fuisse
1477 3458 1716 3522 scimus
1760 3479 1922 3522 non
1967 3453 2197 3522 ultra
2244 3453 2346 3544 (ut
2376 3453 2584 3522 Theb.
2616 3455 2772 3522 VH.

631 3562 752 3627 31:
800 3561 1021 3644 „Nec
1087 3563 1421 3648 sanguinis
1481 3560 1702 3628 ultra
1757 3563 1869 3628 Ius
1916 3563 2119 3627 erit.“
2176 3562 2301 3628 IX.
2338 3561 2450 3627 75:
2499 3560 2775 3645 „ultra

632 3667 873 3756 Sospes
908 3689 1033 3754 ego
1053 3668 1133 3732 ?“
1163 3667 1269 3733 58.
1302 3667 1391 3732 ΙΙ.
1431 3668 1575 3733 117.
1609 3667 1736 3733 451
1764 3692 1779 3738 3
1811 3691 1967 3733 non
1996 3667 2217 3736 ultra
2245 3673 2544 3757 passus.“
2585 3670 2770 3755 Virg.

629 3773 796 3839 Aen.
839 3773 929 3839 X.
987 3775 1152 3840 6633
1210 3775 1432 3859 „Tum
1498 3773 1666 3840 levis
1732 3774 1946 3841 haud
2013 3774 2229 3841 ultra
2284 3776 2573 3843 latebras
2629 3778 2771 3864 jam

630 3881 885 3968 quaerit
927 3880 1215 3967 imago.“
1292 3881 1465 3948 Oud.
1526 3881 1775 3946 Lucan.
1830 3881 2019 3954 V,III.
2076 3883 2163 3947 64
2217 3906 2280 3970 p.
2324 3883 2475 3948 603.
2536 3881 2767 3946 Arntz.

629 3983 891 4050 Arator.
937 3986 993 4049 I.
1036 3987 1166 4052 363
1211 4009 1276 4074 p.
1319 3987 1427 4069 96,
1476 3986 1594 4053 sed
1641 3988 1838 4053 etiam
1886 3987 1971 4052 ad
2026 4009 2273 4053 morem
2329 3996 2585 4076 poetae,
2657 3987 2769 4074 qui

628 4089 1100 4175 „grandisonis
1145 4091 1443 4158 versibus
1488 4091 1828 4158 Musarum
1886 4093 2146 4159 favores
2204 4093 2429 4179 primis
2474 4092 2768 4156 carmini-

629 4195 750 4260 bus
805 4195 912 4260 vel
964 4217 1237 4283 poscere
1299 4195 1409 4261 vel
1466 4197 1799 4263 celebrare
1859 4198 2043 4282 solet,
2103 4207 2175 4262 ut
2221 4195 2765 4286 quemadmodum

628 4301 692 4364 in
726 4299 1048 4387 Epicedio
1093 4303 1298 4390 patris
1346 4301 1663 4369 solitam
1696 4302 2059 4369 Cirrham
2109 4303 2296 4387 dixit,
2328 4303 2425 4368 ita
2467 4303 2575 4368 hic
2603 4325 2765 4370 voce

625 4405 839 4493 ultra
885 4407 1418 4474 consuetudinem
1468 4409 1820 4475 solemnem
1869 4431 2052 4475 suam
2096 4409 2387 4475 indicare
2421 4410 2767 4476 videatur“
