3234 4967
1207 460 1211 466 ,
1306 394 1533 448 Adnot.
1570 392 1654 445 72.
2428 392 2552 459 117

1364 638 1449 719 V.
1502 640 1615 721 72.
1751 632 1760 639 ’

588 820 720 904 Qui
790 820 1242 909 intelligantur
1312 832 1573 905 ortus,
1647 821 1746 887 his
1803 820 1964 887 dicit
2021 820 2330 887 Barthius
2376 820 2548 889 Adv.

413 927 604 995 XIV.
656 928 694 993 7
740 951 803 1017 p.
841 918 997 994 766:
1047 920 1394 1013 „Libertas
1424 926 1635 995 altera
1664 928 1822 994 vita.
1872 927 2022 1009 Qua
2053 938 2350 993 carentes
2379 932 2552 996 servi

409 1057 529 1121 pro
574 1035 847 1101 mortuis
904 1036 1057 1124 jure
1126 1032 1304 1101 civili
1370 1033 1764 1101 habentur.“
1832 1030 2186 1097 Animadv.
2256 1056 2323 1120 p.
2395 1033 2548 1106 518.

404 1138 723 1223 „Servilia
768 1139 941 1205 enim
987 1139 1380 1206 conditionis
1427 1138 1622 1205 homo
1693 1160 1812 1227 pro
1872 1160 2036 1203 vero
2097 1136 2358 1205 homine
2417 1163 2549 1207 non

405 1244 768 1312 habebatur
812 1268 1020 1333 neque
1067 1253 1265 1335 caput
1324 1243 1569 1311 habere
1629 1242 2084 1309 censebatur.“
2171 1242 2312 1309 Nec
2369 1245 2549 1311 dissi-

406 1350 555 1416 mile
602 1350 746 1436 hoc,
795 1351 971 1439 quod
1018 1352 1273 1435 „oriri
1318 1350 1373 1415 is
1420 1348 1793 1431 dicebatur,
1841 1349 1949 1435 qui
1990 1346 2237 1414 Caesar
2277 1360 2390 1417 aut
2421 1349 2550 1417 Au-

405 1466 635 1545 gustus
681 1466 825 1522 erat
869 1457 1123 1523 factus“
1182 1455 1411 1523 Arntz.
1458 1454 1648 1520 Eum.
1699 1454 1854 1519 Pan.
1912 1452 2324 1521 Constantin.
2373 1459 2448 1541 2,
2507 1459 2548 1523 5

404 1586 471 1652 p.
518 1564 647 1629 353
694 1572 765 1628 et
806 1562 938 1628 lnc.
972 1562 1132 1628 Pan.
1186 1562 1289 1644 16,
1338 1563 1381 1626 2
1426 1584 1491 1649 p.
1524 1559 1645 1625 511
1703 1583 1797 1647 sq.
1845 1558 2046 1625 Vocis
2093 1560 2300 1627 alios
2331 1573 2550 1631 autem

406 1668 539 1735 vim
586 1677 655 1735 et
696 1690 883 1734 usum
931 1668 1259 1756 copiosius
1304 1666 1687 1755 explanavit
1731 1666 2044 1731 Heinsius
2087 1664 2264 1732 Adv.
2311 1666 2414 1734 111.
2469 1670 2549 1735 17

405 1800 466 1863 p.
534 1774 664 1841 548
735 1798 831 1863 sq.
959 1772 1138 1856 Quid
1206 1794 1365 1839 vero
1437 1771 1824 1857 Queckius?
1905 1770 2098 1839 Clare
2116 1821 2134 1855 ,
2212 1773 2425 1863 inquit
2483 1800 2547 1865 p.

406 1878 682 1965 xxm,
731 1880 931 1947 habet
976 1881 1143 1969 Cap.
1190 1885 1469 1946 artus“
1518 1902 1641 1945 nec
1671 1878 2000 1947 dubitavit
2043 1882 2256 1969 ipsum
2287 1903 2549 1946 versum

406 1988 499 2054 sic
544 1988 855 2075 scriptum
902 1986 1215 2075 prodere:
1265 1987 1443 2069 Quin
1504 1985 1708 2053 alios
1767 1996 1998 2053 artus
2053 1986 2550 2077 libertatemque

406 2092 525 2160 sub
570 2094 731 2182 ipsis
775 2092 1106 2161 Uberibus
1151 2092 1293 2177 tibi,
1340 2112 1565 2181 parve,
1616 2092 1837 2158 dedi.“
1886 2092 2020 2174 Qui
2063 2116 2258 2181 quam
2301 2102 2551 2159 senten-

405 2200 563 2265 tiam
609 2198 732 2266 sibi
762 2208 1176 2265 consectatus
1210 2198 1533 2281 videatur,
1568 2197 1916 2265 obscurum
1961 2207 2090 2283 est3
2137 2196 2302 2265 illud
2345 2198 2552 2287 liquet

404 2304 911 2393 probabiliorem
968 2304 1229 2395 (Heius.
1276 2304 1622 2371 Claudian.
1680 2304 1758 2370 R.
1804 2305 1988 2371 Pros.
2041 2304 2092 2369 Ι.
2141 2303 2226 2369 46
2273 2328 2340 2393 p.
2386 2303 2548 2389 545)

404 2412 688 2478 futuram
754 2412 951 2477 fuisse
1023 2410 1132 2476 vel
1198 2410 1367 2477 hanc
1438 2410 1767 2476 scribendi
1838 2410 2192 2477 rationem:
2265 2419 2550 2476 auctus

406 2518 487 2582 cf.
536 2516 758 2583 Burm.
808 2515 1012 2583 Anth.
1055 2516 1205 2583 Lat.
1250 2515 1341 2581 lll.
1379 2519 1527 2601 120,
1574 2516 1617 2581 5
1663 2540 1728 2605 p.
1776 2516 1928 2581 577.
1977 2516 2286 2583 Ceterum
2318 2517 2562 2583 eodem·

404 2622 620 2708 modo,
670 2646 799 2712 quo
845 2622 916 2689 in
962 2622 1418 2712 Capilupiano‚
1466 2623 1644 2711 apud
1677 2621 1989 2688 Ovidium
2034 2622 2214 2688 Fast.
2262 2622 2383 2687 IV.
2432 2624 2549 2688 41:

410 2728 593 2795 silvis
638 2730 761 2795 fuit
808 2738 1036 2797 ortus
1082 2730 1149 2795 in
1196 2729 1387 2796 altis“
1434 2739 1776 2818 peccatum
1823 2736 1923 2793 est
1968 2728 2036 2793 in
2081 2727 2547 2795 Ambrosiano:

404 2836 529 2901 fuit
572 2846 764 2902 artu
784 2859 813 2901 s
828 2840 893 2919 ,“
940 2836 1266 2902 contrario
1313 2836 1490 2924 apud
1536 2834 1970 2902 Claudianum
2003 2832 2113 2900 lv.
2148 2833 2342 2901 Cons.
2375 2836 2548 2902 Hon.

417 2942 575 3009 138:
624 2949 772 3007 tuos
816 2950 1041 3009 artus
1086 2940 1383 3008 laesere“
1428 2942 1494 3007 in
1541 2941 1866 3007 Vaticano
1913 2948 2146 3027 quarto
2193 2949 2404 3007 ortus.

1354 3172 1439 3253 V.
1502 3171 1613 3255 74.

582 3353 841 3438 „Dedi
912 3353 1073 3420 heu
1130 3376 1467 3421 munera
1524 3353 1863 3443 nostra).
1951 3351 2124 3439 Scio,
2194 3354 2352 3443 quid
2419 3354 2550 3424 dici

425 3460 635 3546 possit
677 3482 798 3549 pro
856 3459 981 3526 hac
1024 3459 1291 3528 licentia
1334 3460 1595 3549 poetica
1663 3459 1824 3526 dedi
1891 3457 2069 3545 heu,
2139 3459 2252 3526 ubi
2305 3460 2552 3548 vocalis

410 3574 561 3631 aute
607 3566 898 3633 vocalem
942 3589 1075 3632 non
1122 3565 1408 3633 eliditur.
1500 3565 1636 3633 Sed
1665 3564 1906 3633 Statius
1953 3588 2086 3633 non
2127 3576 2380 3635 tantum
2427 3568 2549 3635 sibi

411 3673 707 3759 permisit
750 3673 821 3739 in
865 3671 965 3739 his
1008 3670 1235 3743 Silvisz
1281 3674 1397 3739 vix
1442 3674 1509 3739 in
1556 3672 1916 3757 Thebaide,
1963 3673 2089 3739 nisi
2133 3671 2245 3738 ubi
2289 3672 2550 3743 turbate

405 3786 473 3843 et
552 3778 1068 3867 praecipitanter
1136 3780 1343 3845 oratio
1414 3779 1809 3867 concipitur,
1889 3777 1996 3845 vel
2077 3786 2228 3845 ante
2287 3781 2553 3847 nomina
2655 3852 2682 3876 ,ἶ

408 3882 703 3950 locorum
748 3893 864 3953 aut
907 3884 1242 3952 hominum
1290 3884 1547 3953 Graeco
1592 3907 1798 3952 more.
1887 3883 2080 3952 Unde
2128 3894 2308 3952 recte
2340 3908 2548 3953 emen·

408 3990 593 4058 davi:
640 3990 755 4059 Tu
798 4013 1073 4059 munera
1114 4001 1361 4077 nostra,
1408 3992 1582 4081 quod
1631 3992 1949 4059 sermonis
1981 3991 2308 4080 elegantia
2335 4001 2550 4081 postu-

408 4096 663 4163 labat.!‘
752 4100 851 4164 lta
896 4096 1358 4183 Marklandus‚
1420 4120 1613 4187 quem
1661 4099 1918 4187 sequuti
1965 4106 2114 4163 sunt
2157 4098 2550 4167 Duebnerus

408 4200 875 4293 Queckiusque
911 4212 977 4270 et
998 4204 1075 4271 L.
1101 4203 1458 4295 Muellerus
1482 4204 1562 4270 R.
1588 4200 1780 4271 Metr.
1810 4228 1875 4293 p.
1901 4202 2034 4269 305
2059 4228 2155 4293 sq.
2225 4206 2428 4273 Secus
2457 4207 2548 4273 vi-

409 4330 555 4373 sum
582 4315 680 4373 est
700 4308 968 4377 Imhofio
992 4308 1034 4377 l.
1052 4308 1116 4377 d.
1142 4334 1208 4399 p.
1235 4312 1351 4378 32:
1376 4318 1668 4395 „temere
1693 4318 1912 4400 spreto
1940 4312 2224 4376 omnium
2249 4312 2546 4378 codicum

404 4434 727 4479 consensu
752 4438 874 4481 nec
898 4424 1175 4503 cogente
1202 4416 1632 4482 sententia—
1647 4416 2077 4501 Marklandus
2102 4418 2389 4485 correxit
2412 4419 2545 4488 Tu.
