3234 4967
1242 396 1524 459 Gonject.
1561 396 1711 448 xm.
2450 396 2543 443 211

411 569 600 619 inferre
640 570 735 618 hoe
778 572 930 618 modo
951 581 1128 620 ausus:
1168 584 1263 618 nec
1301 568 1429 617 enim
1469 567 1825 631 spirantius
1864 567 2058 615 almae“
2096 581 2197 615 non
2224 566 2562 631 perspiceret‚·

414 661 600 715 quanto
637 662 690 703 et
726 654 978 716 integrius
1008 655 1320 717 Latinaeque
1354 653 1710 701 consuetudini
1736 652 2123 701 convenientius
2150 666 2209 699 ac
2236 650 2553 715 proba-bilius

413 747 542 785 esset
577 738 653 803 id,
709 740 842 801 quod
881 756 910 787 a
950 738 1129 788 Grotio
1166 740 1351 802 optime
1387 736 1649 785 inventum
1699 752 1806 785 esse
1854 737 2214 800 praedicarunt
2252 736 2553 784 Ducbnerus

415 822 803 886 Queckiusquet
859 811 1262 873 retinentius.
1339 822 1444 870 Nee
1496 820 1661 870 Grotii
1718 821 1974 869 solertiam
2030 822 2269 884 aequavit
2313 820 2553 868 lmhofius

415 907 447 953 l.
483 907 531 955 d.
571 920 616 965 p.
653 908 714 956 41
757 906 860 955 tale
898 908 1092 970 aliquid
1129 914 1483 965 consectatuS‚
1523 908 1661 967 quod
1700 904 1824 953 nulli
1861 904 2184 953 librariorum
2219 903 2432 967 injuriae
2469 911 2557 951 aut

412 991 576 1039 fraudi
616 992 869 1054 objectum
906 992 1062 1041 fuisse
1098 992 1249 1040 facile
1287 993 1570 1041 concedent
1605 1004 1795 1041 onmes.
1870 990 2067 1051 ‚‚V1·at.‚
2103 988 2293 1053 inquit,
2336 990 2385 1035 ti
2424 988 2556 1036 rin·

415 1078 573 1135 tine,
613 1078 744 1125 unde
781 1078 993 1140 totidem
1032 1077 1264 1125 ductibus
1301 1077 1702 1125 restituendum:
1743 1082 1801 1122 te
1838 1075 2069 1123 mitius.“
2142 1074 2372 1133 Accedit,
2418 1073 2553 1136 quod

414 1176 506 1209 nec
541 1163 838 1225 praeclaro,
892 1162 1027 1225 quod
1067 1164 1131 1211 de
1168 1161 1418 1209 Marcello
1455 1168 1610 1225 poeta
1651 1160 1795 1224 facit,
1851 1158 2039 1221 judicio
2088 1159 2261 1208 mitis
2308 1156 2461 1206 animi
2507 1164 2559 1205 et

415 1248 664 1295 mansueti
701 1247 1114 1295 commemoratio
1153 1246 1397 1295 satisfacit
1435 1254 1487 1294 et
1522 1246 1672 1293 valde
1711 1245 1949 1307 displicet
1974 1245 2148 1293 eadem
2174 1258 2279 1292 vox
2316 1241 2557 1304 frequen-

416 1330 516 1379 tius
553 1346 704 1393 quam
740 1346 832 1394 pro
869 1331 1232 1379 sententiarum
1271 1331 1645 1380 necessitudine
1690 1329 1903 1393 repetita
1950 1338 2001 1377 et
2052 1328 2103 1376 in
2156 1330 2331 1378 eadem
2386 1340 2557 1376 versus

415 1416 534 1463 sede
571 1416 814 1479 deinceps
851 1416 1134 1465 collocata}
1195 1417 1299 1464 noti
1337 1417 1452 1464 tibi
1508 1415 1639 1463 vatis
1678 1428 1914 1463 amorem.
1953 1428 2043 1461 nec
2096 1414 2230 1463 enim
2280 1420 2338 1461 te
2386 1412 2559 1460 mitius

336 1545 344 1551 .
417 1500 598 1549 almae.
639 1501 774 1549 cedit
811 1500 930 1548 tibi
968 1500 1134 1563 gloria
1169 1500 1309 1549 fidi.“
1382 1498 1825 1563 circumspicienti
1862 1500 2027 1562 igitur·
2050 1498 2383 1557 vocabulum,
2420 1496 2557 1559 quod

415 1585 594 1633 merito
631 1586 770 1633 dieas
808 1586 870 1633 de
895 1586 1147 1648 penetrali
1168 1584 1427 1633 Statianae
1457 1584 1727 1632 facundiae
1751 1584 2035 1646 repetitum,
2074 1598 2227 1647 quum
2262 1582 2314 1631 in
2340 1587 2557 1630 mentem

419 1670 619 1717 veniret
655 1678 705 1717 et
741 1670 1050 1719 Trivultiani
1087 1671 1292 1728 codicis,
1335 1670 1388 1717 in
1427 1684 1526 1732 quo
1572 1684 1667 1731 pro
1706 1668 2087 1732 Tirynthius
2126 1666 2334 1731 Coripp.
2372 1666 2454 1716 Jo.
2491 1665 2557 1718 V.

419 1757 518 1803 202
565 1754 748 1817 legitur
799 1756 1158 1804 terrintcus
1217 1755 1278 1802 ef.
1329 1752 1458 1804 Stat.
1497 1753 1659 1805 Theb,
1698 1753 1820 1802 XII.
1858 1754 1923 1803 67
1970 1754 2079 1801 cod.
2119 1752 2335 1815 Frising.
2380 1766 2443 1799 m.
2482 1764 2558 1813 pr.

420 1839 788 1891 Thirentius.
861 1839 1010 1889 Ovid.
1049 1840 1206 1889 Trist.
1245 1838 1340 1898 IV,
1383 1841 1427 1899 1,
1455 1840 1547 1887 21:
1586 1853 1679 1885 nec
1716 1833 2038 1898 Thracia,
2074 1821 2336 1895 irentia',
2372 1835 2558 1884 tirin-

419 1924 510 1971 tia
547 1924 638 1984 (de
675 1938 778 1986 quo
817 1924 929 1973 loeo
966 1925 1098 1973 infra
1135 1923 1269 1973 XIV
1292 1920 1522 1985 dicetur)
1573 1930 1624 1971 et
1657 1924 1795 1971 illius
1833 1923 2224 1985 discrepantiae,
2272 1936 2403 1985 quae
2448 1934 2557 1968 cer-

419 2009 553 2056 nitur
590 2008 756 2057 Theb.
795 2008 888 2060 IV.
919 2011 1041 2059 784:
1081 2008 1406 2057 certantia
1443 2007 1695 2070 plaudunt
1731 2006 1940 2071 Orgia..“
2002 2007 2221 2067 Frising.
2258 2004 2559 2064 iterantia,

420 2094 713 2156 praesertim
752 2092 943 2143 relecto
980 2093 1095 2143 loeo
1131 2093 1291 2141 Theb.
1328 2092 1450 2144 VII.
1491 2094 1621 2143 640:
1680 2092 1899 2143 Certat
1936 2108 2093 2157 opus
2129 2092 2332 2141 ferri“
2388 2102 2439 2138 et
2485 2090 2560 2147 iis,

423 2191 549 2238 quos
587 2177 806 2225 contulit
841 2178 1162 2227 Burmannus
1200 2178 1317 2227 Val.
1353 2177 1528 2227 Flacc.
1566 2178 1633 2230 V.
1672 2180 1771 2229 645
1810 2194 1859 2243 p.
1879 2179 1997 2238 483,
2032 2177 2275 2241 suspicari
2314 2174 2563 2225 succurrit

421 2261 517 2309 hoc
555 2261 676 2309 olim
713 2263 960 2326 seriptum
996 2263 1175 2313 fuisse:
1229 2277 1394 2326 neque
1433 2264 1566 2311 enim
1601 2264 1971 2312 certantius
2008 2263 2169 2311 almae
2203 2260 2395 2310 Pectus
2434 2259 2555 2307 ami-

421 2347 603 2395 citiae:
641 2348 773 2396 cedit
813 2342 905 2396 tibi
940 2348 1106 2410 gloria
1141 2343 1230 2396 fidi
1267 2348 1532 2397 Theseos“
1569 2350 1675 2397 sive
1711 2332 1833 2401 lioc:
1873 2348 2149 2397 certantius
2187 2346 2350 2395 almae
2374 2345 2559 2393 Pectus

425 2431 772 2481 Amicitiae
811 2432 901 2495 (cf.
939 2432 1033 2482 IV.
1073 2434 1118 2492 2,
1165 2436 1259 2483 28:
1296 2434 1511 2497 glaucae
1550 2433 1877 2482 certantia
1914 2432 2139 2480 Doridi
2191 2430 2365 2480 saxa.“
2419 2431 2465 2489 6,
2505 2432 2559 2478 8:

331 2529 340 2538 ·
421 2516 660 2579 Vinaque
695 2520 954 2582 perpetuis
991 2534 1119 2568 aevo
1159 2520 1485 2567 cci-tantia
1523 2518 1765 2567 fastiS.“
1801 2518 1931 2577 1.·2‚
1964 2519 2056 2566 87:
2092 2516 2327 2580 Abydeni
2359 2514 2560 2577 juvenis

424 2604 752 2650 certantia
789 2604 972 2653 remis
1011 2604 1282 2656 Brachia,“
1337 2603 1429 2654 Sil.
1466 2604 1586 2657 VII,
1631 2606 1740 2656 199.
1780 2602 1927 2651 Ovid.
1967 2603 2087 2650 Met.
2110 2600 2262 2651 XIV.
2284 2601 2397 2650 794.
2437 2596 2558 2649 Hor.

427 2683 596 2737 Carm.
623 2687 692 2735 11.
717 2688 762 2747 6,
786 2689 864 2746 15,
903 2689 967 2735 de
1007 2700 1108 2749 quo
1148 2702 1334 2751 genere
1370 2704 1526 2753 prave
1565 2688 1823 2752 praecepit
1860 2687 2095 2735 Heinsius
2132 2686 2265 2737 Adv‚
2288 2685 2379 2737 1.2
2400 2700 2448 2747 p.
2474 2687 2561 2745 103

423 2770 602 2819 omitto
641 2773 771 2819 enim
811 2787 916 2832 eos,
961 2773 1046 2835 qui
1083 2775 1150 2821 ad
1190 2774 1340 2825 ltom.
1383 2774 1444 2823 11.
1485 2774 1572 2821 IX.
1616 2774 1716 2822 389
1754 2770 2041 2835 exemplum
2068 2771 2363 2835 expressius
2400 2770 2559 2833 scrip-

421 2855 636 2917 serunt).
691 2856 820 2905 Inde
841 2856 1180 2919 Rehdigerani
1219 2858 1332 2906 libri
1371 2859 1580 2921 vestigia
1616 2858 1767 2905 etiam
1794 2864 1945 2919 atque
1973 2857 2121 2904 etiam
2147 2856 2370 2916 rimatus,
2406 2869 2560 2918 quum

420 2940 566 2989 simul
607 2955 710 2989 non
745 2950 934 2989 temere
970 2943 1212 3005 suspicari
1252 2944 1455 2991 viderer
1501 2944 1564 2990 ad
1603 2942 1915 2990 inferendam
1952 2942 2117 3005 labem
2156 2940 2294 2989 illam
2332 2940 2561 3002 aliquan-

422 3034 523 3073 tum
563 3026 782 3075 valuisse
821 3026 988 3075 locum
1025 3028 1142 3075 olim
1180 3044 1210 3075 a
1255 3028 1512 3077 nonnullis
1557 3028 1610 3075 in
1654 3028 2080 3090 comparationem
2128 3028 2398 3074 adductum
2435 3023 2559 3075 silv,

421 3111 516 3159 IV.
537 3113 584 3171 6,
605 3113 697 3161 90:
735 3111 798 3160 Ti
815 3113 1075 3177 rynthie
1117 3140 1174 3147 -·
1220 3122 1269 3161 te
1307 3138 1367 3147 —-·
1408 3112 1566 3161 ambit
1594 3140 1653 3147 —
1681 3118 1819 3161 easta
1854 3112 2001 3160 Mens
2038 3112 2245 3171 domiui,
2284 3111 2363 3158 cui
2392 3110 2563 3173 prisca

423 3197 549 3244 fides
585 3206 984 3261 coeptaeque
1021 3212 1302 3261 perenne
1342 3198 1597 3247 Foedus
1636 3194 1991 3245 amiciti·ae“
2030 3206 2083 3245 et
2120 3196 2414 3244 recordarer
2450 3194 2560 3242 vitii

421 3280 547 3329 illud
583 3296 760 3343 genuS,
797 3284 930 3345 quod
967 3284 1118 3333 modo
1155 3283 1209 3330 in
1247 3280 1579 3347 perpoliend'o
1620 3296 1764 3331 versu
1802 3278 1971 3333 Theb.
2004 3282 2098 3332 XI.
2126 3283 2226 3331 325
2264 3280 2561 3343 disceptavi,

426 3366 558 3414 sensi
597 3374 648 3413 et
684 3367 883 3429 penitus
920 3368 1154 3417 intellexi
1193 3367 1355 3417 Statio
1393 3368 1566 3415 deberi
1605 3368 1734 3418 hoc:

1031 3453 1234 3515 penitus
1274 3453 1382 3502 noti
1421 3453 1508 3502 tibi
1547 3454 1677 3501 vatis
1714 3466 1931 3501 amorem

696 3535 868 3585 Corde
907 3536 1048 3584 exire
1083 3544 1226 3587 veta:
1263 3552 1429 3601 neque
1467 3538 1595 3586 enim
1632 3538 1763 3586 inte
1780 3536 2086 3586 meratius
2124 3535 2287 3583 almae

695 3621 885 3669 Pectus
922 3621 1182 3674 amicitiae,

423 3705 496 3753 Ut
530 3706 661 3763 apud
703 3705 979 3769 Apulejum
1019 3712 1094 3755 est
1129 3706 1266 3755 Flor.
1306 3707 1400 3759 111.
1443 3710 1504 3757 16
1541 3724 1591 3771 p.
1632 3710 1723 3758 68:
1760 3716 1817 3755 ut
1850 3708 2165 3769 integrum
2205 3714 2256 3753 et
2290 3706 2559 3753 inteme-

424 3796 622 3838 ratum
661 3798 882 3838 vestrum
921 3802 1056 3840 esset
1090 3792 1432 3841 beneficium“
1480 3790 1563 3854 (cf.
1605 3791 1713 3842 Cic.
1752 3792 1892 3843 Cocl.
1936 3794 1989 3841 5:
2042 3792 2359 3853 integrum
2408 3796 2560 3852 atque

422 3876 810 3924 inviolatum.
881 3872 1009 3926 Sull.
1052 3878 1128 3934 17,
1165 3879 1254 3927 49:
1291 3878 1610 3926 inviolata
1648 3885 1813 3927 vestra
1848 3877 2150 3935 amicitia,
2184 3876 2445 3938 integro
2484 3873 2560 3922 of-

425 3961 581 4010 ficio“
630 3960 695 4010 ef.
731 3959 874 4023 Serv.
911 3962 1043 4011 Aen.
1082 3962 1149 4015 ΙΙ.
1192 3964 1289 4012 143
1326 3978 1374 4027 p.
1415 3965 1508 4012 131
1549 3972 1602 4011 et
1636 3962 1731 4011 XI.
1770 3964 1869 4013 584
1906 3978 1953 4026 p.
1990 3963 2051 4011 41
2103 3967 2153 4009 et
2190 3960 2356 4010 Gloss.
2395 3955 2561 4009 Paris.

425 4048 527 4097 357
562 4062 610 4111 p.
652 4045 1235 4113 18221ntemorata,
1283 4048 1556 4112 integra,
1604 4048 2014 4111 inviolata“).
2088 4044 2211 4095 Met.
2247 4046 2317 4095 11.
2356 4060 2406 4109 p.
2436 4045 2567 4095 1642.

424 4133 847 4180 intemeratae
903 4133 1196 4182 veritatis
1253 4134 1555 4182 documenta
1608 4133 1922 4197 perlucida.“
2011 4133 2133 4185 Tac.
2188 4131 2327 4183 Ann.
2382 4131 2425 4181 I.
2468 4132 2563 4181 49:

425 4232 636 4280 quarum
675 4232 734 4265 ea
769 4218 1016 4266 seditione
1052 4219 1438 4269 intemerata-
1477 4220 1788 4268 modestia
1825 4216 1967 4266 fuit.“
2003 4217 2149 4281 Virg.
2189 4218 2319 4267 Aen.
2345 4216 2416 4267 11.
2439 4218 2563 4266 143:

423 4302 821 4353 Intemerata
872 4302 1042 4353 fides
1096 4300 1302 4368 (Prosp.
1347 4304 1521 4367 Aquit.
1572 4303 1713 4354 Sent.
1760 4302 1995 4352 LXXVI
2030 4320 2079 4368 p.
2119 4305 2234 4353 648.
2273 4302 2333 4351 Β.
2368 4302 2575 4371 XXIII,

423 4406 471 4457 p.
511 4390 612 4439 634
649 4387 723 4439 A:
761 4389 873 4439 fidei
913 4390 1074 4439 virtus
1111 4390 1498 4439 intemerata
1547 4392 1763 4439 manet.“
1834 4388 2019 4439 Boeth.
2062 4388 2217 4443 Cous.
2256 4388 2387 4441 Phil.
2427 4386 2491 4439 V.
2532 4388 2563 4441 6
