3234 4967
657 388 754 437 166
1516 385 1808 447 Conject.
1846 384 1946 435 111.

650 557 808 607 Paus.
846 555 940 609 VI.
982 558 1063 615 21,
1102 560 1158 605 7:
1212 548 1449 605 Κάπετόν
1486 572 1632 625 φασιν
1665 552 1762 606 ὑπὸ
1803 556 1896 607 τοῦ
1940 550 2194 623 Οἰνομάου
2231 553 2548 626 φονευθῆναι.
2599 554 2796 609 Oiofan.

653 640 803 691 ovid.
841 642 967 691 Met.
1005 641 1156 693 XIV.
1196 644 1297 692 614
1334 658 1381 705 p.
1424 644 1541 693 987.
1612 638 1878 708 Mythogr.
1918 643 1959 692 I.
2001 645 2100 692 204
2136 659 2185 707 p.
2225 645 2306 703 63,
2343 646 2423 693 20.

788 727 868 775 Ac
906 728 1133 777 similiter
1169 727 1267 777 111.
1311 730 1405 777 178
1442 728 1494 775 in
1534 727 1816 777 Alethes
1851 727 2083 778 Aletes
2122 729 2294 779 vertit:

1045 845 1329 895 Concilium
1365 846 1642 897 infaustum
1681 847 1830 896 dictis
1869 846 2126 896 mulcebat
2161 846 2410 907 Aletes,

652 962 793 1029 quod
832 972 883 1013 et
918 966 972 1014 in
1006 964 1322 1027 Frisingensi
1362 971 1413 1013 et
1447 966 1747 1014 Monacensi
1783 966 1958 1013 inveni
1995 973 2046 1014 et
2081 966 2144 1015 ab
2182 966 2394 1015 Heinsio
2434 967 2566 1031 Virg
2618 965 2746 1019 Aen.
2774 970 2800 1017 Ι

592 1060 599 1065 “
660 1052 751 1100 121
790 1066 839 1115 p.
876 1053 943 1101 48
982 1050 1265 1100 restitutum
1303 1049 1451 1099 video
1490 1046 1555 1099 cf.
1594 1050 1732 1101 Sieb.
1771 1046 1930 1101 Paus.
1968 1050 2036 1099 11.
2074 1052 2122 1111 4,
2149 1053 2178 1101 3
2215 1067 2264 1115 p.
2306 1053 2402 1101 172
2440 1067 2514 1115 sq.

772 1168 968 1219 Contra
1004 1168 1071 1220 V.
1113 1171 1208 1219 159
1248 1166 1417 1217 Caro
1430 1170 1576 1233 peia
1606 1169 1841 1233 (Monac.
1883 1166 2182 1233 Carapeia)
2220 1184 2428 1221 necesse
2465 1178 2542 1221 est
2576 1171 2666 1220 fiat

1441 1252 1784 1317 Charopeia
1820 1255 2026 1317 conjux,

653 1380 711 1422 ut
748 1374 867 1422 Vet.
906 1372 1076 1425 Schol.
1112 1388 1163 1437 p.
1204 1374 1329 1423 106:
1383 1388 1545 1435 „uxor
1586 1372 1816 1439 Caropi
1861 1373 2088 1424 Lemnii“
2142 1371 2227 1439 (cf.
2266 1372 2559 1439 Garopine
2596 1375 2802 1426 Thuan.

653 1459 767 1509 Put.
805 1454 1031 1507 Martial.
1070 1457 1138 1507 V.
1178 1460 1259 1518 50,
1301 1456 1356 1521 1)
1412 1455 1687 1523 Charopi
1702 1476 1715 1519 3
1770 1460 1840 1509 sic
1897 1460 2027 1508 enim
2082 1466 2159 1507 est
2211 1460 2349 1523 apud
2408 1458 2802 1509 Constantinum

654 1546 716 1592 de
778 1542 931 1592 Adm.
992 1544 1121 1607 Imp.
1160 1545 1225 1592 23
1284 1560 1333 1607 p.
1384 1546 1463 1594 77.
1502 1544 1552 1591 D
1608 1542 1682 1607 (p.
1735 1545 1801 1593 54
1852 1542 2072 1606 Meurs.)
2129 1544 2235 1593 sive
2297 1543 2612 1607 Stephanum
2673 1544 2801 1610 Byz.

583 1685 589 1691 ,
653 1646 703 1695 p.
727 1630 841 1688 325,
865 1631 919 1679 5:
956 1621 1138 1695 Χάροψ
1166 1620 1401 1694 Χάροπος
1438 1623 1463 1676 ὁ
1492 1621 1740 1697 Χάροπος.
1781 1630 1897 1679 add.
1931 1622 2128 1698 Μέροψ,
2154 1620 2385 1694 Μέροπος
2404 1626 2574 1677 Schol.
2595 1628 2803 1677 Aristid.

654 1730 703 1777 p.
747 1714 841 1763 137
881 1714 1109 1762 Fromm.
1146 1705 1382 1781 Χάροπος
1419 1712 1614 1763 Hemst.
1655 1714 1867 1765 Lucian.
1907 1716 1971 1763 D.
2008 1716 2164 1763 Mort.
2203 1712 2379 1762 XXV.
2402 1716 2427 1762 1
2460 1729 2506 1777 p.
2531 1716 2643 1763 527.
2681 1713 2803 1767 vol.

564 1834 571 1841 -
655 1800 728 1847 11.
785 1797 1125 1862 Aethiopus
1162 1797 1355 1847 Osann.
1394 1798 1552 1861 Apul.
1592 1796 1829 1861 Orthogr.
1852 1800 1914 1847 61
1954 1801 2104 1863 p,79.
2178 1796 2258 1848 cf.
2298 1796 2483 1847 ovid.
2507 1798 2618 1848 Met
2649 1798 2802 1852 xm.

656 1886 780 1933 260:
824 1882 1069 1946 „Thoona
1104 1882 1173 1930 Et
1210 1882 1683 1947 Charopen‚“-ubi
1721 1883 2039 1933 scribendum
2078 1885 2158 1933 cst
2194 1883 2534 1948 Charopem.

793 1984 993 2046 Quibus
1032 1986 1278 2049 exemplis
1308 1985 1461 2047 juvat
1498 1985 1796 2034 subnectere
1833 1986 2137 2035 vocabulum
2174 1984 2490 2046 Achates,
2530 1987 2803 2045 Anates,

656 2070 941 2120 Acoetes
988 2069 1163 2134 (Ovid.
1214 2071 1339 2121 Met.
1378 2070 1473 2123 ΙΙΙ,
1514 2072 1611 2120 582
1661 2070 1960 2122 Acoetes,
2018 2072 2168 2120 codd.
2219 2070 2416 2132 aliquot
2471 2077 2525 2119 et
2565 2069 2802 2124 Gulielm.

656 2155 783 2205 Brit.
822 2155 954 2204 Phil.
992 2154 1034 2206 1.
1074 2157 1175 2206 620
1209 2154 1521 2219 Acestes)
1560 2156 1912 2219 consignatum
1949 2154 2072 2209 Silv.
2111 2155 2179 2205 V.
2219 2156 2266 2217 3,
2305 2156 2428 2203 222:

2181 2235 2362 2252 w

1182 2278 1451 2325 attendunt
1491 2276 1652 2336 cunei,
1689 2281 1946 2340 spectatur
1980 2274 2032 2323 A
2043 2290 2072 2323 c
2082 2291 2113 2325 o
2129 2290 2155 2325 e
2169 2282 2190 2324 t
2203 2290 2230 2324 e
2243 2290 2283 2324 s.

660 2394 811 2454 Quod
852 2394 935 2456 qui
975 2395 1186 2445 solerter
1210 2396 1465 2445 intellexit
1488 2395 1768 2443 tollendum
1808 2409 1932 2453 esse,
1970 2392 2255 2442 Salmasius
2283 2408 2342 2442 ca
2369 2393 2582 2442 tollendi
2608 2394 2806 2443 ratione

660 2494 783 2529 usus
821 2482 915 2539 est,
954 2494 1103 2543 quam
1136 2480 1243 2543 jam
1280 2482 1483 2529 tandem
1521 2481 1828 2544 gravissimis
1878 2478 2188 2541 argumentis
2231 2481 2525 2545 reprobavit
2561 2478 2806 2529 Imhofius

658 2564 905 2613 Emendd.
934 2564 1063 2617 Stat.
1101 2581 1151 2629 p.
1190 2569 1217 2614 1
1258 2580 1329 2628 sq.
1367 2566 1477 2629 ipse
1514 2565 1650 2614 hanc
1689 2565 1974 2627 corrigendi
2013 2565 2144 2613 viam
2182 2565 2467 2629 ingressus:
2522 2570 2808 2629 „spectatur

659 2648 987 2699 Achaeis.“
1046 2649 1121 2698 At
1155 2650 1398 2713 ejusmodi
1436 2649 1531 2698 fuit
1567 2649 2075 2715 circumspiciendum
2100 2649 2422 2709 vocabulum,
2462 2651 2598 2712 quod
2623 2649 2807 2708 verius,

662 2749 811 2797 quam
850 2733 1237 2784 Achivorum
1275 2750 1483 2795 nomen,
1550 2735 1650 2783 dici
1702 2740 1874 2799 posset
1908 2734 2225 2783 librariorum
2264 2734 2480 2797 injuriae
2518 2734 2672 2784 fuisse
2716 2734 2807 2783 ob·

658 2821 887 2871 noxium.
961 2818 1128 2880 Quale
1164 2820 1364 2868 videtur
1399 2834 1507 2869 esse
1540 2820 1665 2869 hoc:

1459 2910 1714 2968 spectatur
1751 2904 2012 2967 aliptes.

662 2990 749 3040 Sic
788 2990 919 3039 enim
955 2988 1252 3053 magistrum
1292 2988 1650 3039 exercitiorum
1689 3004 1720 3038 a
1756 2991 1926 3039 multis
1975 2991 2226 3056 appellari
2273 2992 2621 3055 comprobavit
2656 2987 2809 3055 Wyt-

660 3070 961 3124 tenbachius
997 3074 1132 3123 Plut.
1170 3090 1216 3137 p.
1258 3076 1359 3124 850
1395 3090 1467 3137 sq.
1507 3072 1678 3137 (cujus
1714 3076 2003 3124 auctoritati
2039 3076 2260 3139 adjicere
2305 3076 2472 3125 omisit
2507 3075 2809 3125 Sintenisius

663 3160 849 3209 Pericl.
887 3161 921 3208 4
956 3174 1005 3223 p.
1044 3162 1108 3208 70
1157 3174 1268 3207 cum
1325 3160 1453 3209 alios
1508 3167 1614 3209 tum
1654 3160 1961 3211 Salmasium
1998 3160 2215 3210 Tertull.
2252 3160 2314 3209 de
2349 3159 2482 3213 Pall.
2520 3176 2569 3224 p.
2608 3162 2707 3210 273
2761 3168 2811 3209 et

647 3245 955 3295 .Fabricium
975 3242 1119 3293 Sext.
1138 3244 1335 3309 Empir.
1356 3244 1521 3295 Math.
1541 3244 1585 3295 1.
1608 3246 1706 3295 297
1738 3261 1786 3309 p.
1809 3246 1906 3295 282
1945 3261 2002 3294 ac
2025 3244 2318 3308 Segaarium
2341 3242 2502 3295 Clem.
2524 3242 2808 3295 Alexandr.

664 3329 728 3389 Q.
748 3329 816 3379 D.
840 3329 893 3380 S.
914 3346 963 3395 p.
985 3330 1086 3379 360
1106 3328 1233 3393 sq.);
1272 3338 1531 3394 receptum
1569 3338 1737 3378 autem
1775 3345 1807 3378 a
1842 3328 2039 3379 Latinis
2075 3330 2124 3377 id
2161 3344 2348 3378 nomen
2385 3343 2496 3395 esse
2532 3324 2628 3377 viri
2677 3331 2811 3379 docti

664 3412 840 3479 Steph.
878 3413 1031 3468 Thes.
1071 3414 1111 3465 1.
1149 3430 1198 3479 p.
1221 3416 1369 3466 1417.
1394 3416 1443 3463 D
1482 3416 1765 3464 docuerunt
1817 3415 1986 3463 allatis
2035 3410 2304 3464 Ciceronis
2343 3414 2436 3478 Ep.
2493 3415 2554 3462 ad
2592 3412 2732 3463 Fam.
2770 3415 2811 3464 Ι.

663 3501 711 3559 9,
733 3501 797 3549 35
841 3507 893 3549 et
926 3500 1195 3549 «Iuvenalis
1214 3500 1311 3552 111.
1337 3502 1399 3550 76
1434 3500 1575 3560 locis,
1614 3494 1810 3549 omissis
1847 3500 2046 3550 Seneca
2081 3504 2133 3547 et
2155 3500 2395 3558 Firmi00‚
2434 3513 2643 3561 quorum
2669 3498 2811 3549 testi-

665 3587 834 3635 monia
866 3588 1081 3651 praebet
1117 3586 1311 3637 Sa'varo
1351 3584 1530 3635 Sidon.
1568 3585 1803 3649 Apollin.
1839 3585 1936 3647 Ep.
1976 3584 2044 3633 11.
2083 3586 2113 3633 2
2150 3600 2194 3647 p.
2231 3585 2344 3644 109,
2381 3591 2431 3633 et
2468 3584 2697 3648 Vopisco
2717 3583 2811 3634 Sa-

664 3672 849 3726 turnin.
891 3676 919 3722 8
956 3688 1004 3737 p.
1044 3674 1157 3721 721.
1229 3671 1339 3721 Nec
1378 3672 1539 3734 magis
1576 3670 1770 3734 sprevit
1805 3684 1984 3732 vocem
2021 3670 2208 3733 palen
2249 3686 2279 3717 a
2305 3668 2513 3719 Graecis
2551 3676 2811 3733 acceptam

662 3757 793 3807 idem
832 3756 1220 3807 Statius.Theb.
1260 3756 1353 3809 v1.
1395 3758 1507 3807 830.
1544 3754 1740 3805 Achill.
1768 3735 1838 3803 Ii.
1877 3740 1994 3814 441,
2033 3769 2182 3817 quam
2219 3762 2508 3817 susceptam
2545 3754 2811 3804 aSidonio

669 3841 970 3907 Apollinare
1008 3857 1152 3892 secus
1188 3844 1543 3907 interpretatus
1582 3854 1658 3889 est
1693 3839 1890 3891 Savaro
1928 3840 2093 3903 Epist.
2129 3840 2224 3889 IX.
2254 3828 2316 3888 13
2353 3856 2403 3903 p.
2426 3841 2524 3889 603
2563 3846 2612 3888 et
2642 3839 2811 3890 Carm.

667 3926 875 3977 XXIII.
914 3930 1013 3977 302
1068 3944 1119 3993 p.
1160 3930 1281 3986 192,
1334 3926 1709 3991 praeterierunt
1759 3923 2002 3973 Barthius
2057 3924 2220 3973 Theb.
2259 3925 2294 3973 1.
2331 3925 2378 3975 d.
2418 3940 2464 3987 p.
2495 3926 2597 3975 610
2632 3939 2705 3988 sq.
2763 3932 2816 3973 et

675 4012 1013 4062 Marklandus
1050 4012 1179 4063 snv.
1215 4012 1284 4062 V.
1322 4013 1370 4073 3,
1409 4012 1473 4062 93
1509 4026 1559 4074 p.
1599 4010 1698 4061 383
1737 4009 1802 4059 cf.
1842 4009 2067 4073 conject.
2099 4009 2198 4059 x1.
2541 4004 2543 4007 ⁴
2676 3994 2682 3999 ’

805 4099 867 4148 In
905 4098 1207 4147 contrariam
1245 4104 1438 4162 partem
1476 4092 1642 4145 Theb.
1683 4094 1803 4145 VII.
1832 4097 1929 4145 737
1967 4096 2030 4144 ab
2066 4095 2128 4144 iis
2164 4102 2434 4159 peccatum
2473 4101 2564 4155 est,
2601 4095 2688 4159 qui
2714 4096 2813 4146 hoc

664 4183 1025 4247 prodiderunt:

1156 4310 1206 4351 et
1242 4302 1467 4365 aurigam
1500 4301 1690 4365 jaculo
1728 4302 1999 4365 detorquet
2034 4301 2330 4350 inertem:

670 4387 742 4437 sic
790 4387 923 4437 enim
968 4385 1211 4451 scriptum
1254 4386 1391 4437 hunc
1442 4387 1613 4442 locum
1667 4402 1721 4437 se
1772 4387 2024 4437 invenisse
2075 4392 2328 4437 testantur
2377 4384 2815 4451 Lindenbrogius:
