3234 4967
1249 413 1528 476 Conjeet.
1567 411 1720 459 XIV.
2142 371 2153 382 ·
2443 402 2558 450 ’217

784 592 873 641 An
909 599 980 649 te,
1017 586 1210 652 Cydne,
1249 599 1444 644 canam,
1481 582 1648 632 tacitis
1686 581 1771 644 qui
1806 578 1991 629 leniter
2026 577 2171 626 undis

868 673 1148 725 Caeruleus
1183 670 1394 735 placidis
1430 683 1522 732 per
1556 668 1689 715 vada
1726 664 1882 729 serpis
1919 664 2079 726 aquis.

429 767 601 828 Quem
646 765 818 815 locum
866 757 954 825 qui
1005 773 1035 808 a
1077 756 1413 806 Lachmanno
1472 755 1569 802 hae
1624 752 1845 800 ratione:
1904 748 2099 797 tactis
2136 773 2199 782 —-
2237 747 2411 795 ulvis
2447 760 2565 795 vere

431 851 715 902 restitutum
771 863 882 897 esse
920 843 1083 894 eredit
1115 841 1374 904 Haupt-ius
1428 853 1522 886 nec
1575 837 1678 886 hoe
1732 835 1907 884 docuit
1941 841 2077 882 recte
2112 833 2211 881 diei
2247 832 2445 880 tactis
2482 837 2570 879 aut

437 935 750 987 commodius
787 932 972 980 ulvas
1009 927 1192 990 afferri,
1231 939 1380 988 quam
1417 922 1666 971 umbras
1703 918 1867 983 (curt.
1903 919 2002 968 ΙΙΙ.
2039 920 2085 978 4,
2123 921 2179 968 8:
2216 919 2407 978 „multa
2442 919 2573 982 ripa-

433 1037 539 1070 rum
577 1018 880 1068 amoenitate
915 1003 1352 1063 inumbratus“
1389 1007 1450 1058 cf.
1475 1008 1743 1057 claudian.
1770 1005 1923 1054 Prob.
1950 1005 2064 1056 259.
2093 1003 2275 1052 Avien.
2303 1002 2361 1052 Ο.
2392 1004 2461 1056 Μ.
2484 1003 2570 1064 67)

434 1120 526 1154 nee
563 1103 825 1168 perspexit
861 1116 924 1150 ea
959 1097 1165 1161 requiri,
1205 1110 1336 1158 qnae
1372 1093 1576 1158 propria
1601 1096 1772 1142 essent
1798 1089 1985 1154 Cydni,
2023 1103 2121 1135 non
2146 1089 2435 1138 communia
2458 1089 2573 1153 plu-

435 1193 675 1239 rimorum
729 1187 1012 1236 fluviorum.
1073 1173 1263 1242 'Quare
1318 1195 1471 1242 quum
1527 1184 1721 1225 constet
1774 1173 2004 1238 Cydnum
2061 1187 2171 1222 esse
2225 1169 2573 1244 πολυχεΰμονα
2665 1199 2675 1204 -

437 1274 617 1338 (Leon.
672 1273 884 1322 Diacon.
939 1268 1037 1319 111.
1081 1273 1143 1318 10
1192 1285 1240 1330 p.
1279 1268 1366 1320 51,
1405 1261 1490 1325 21)
1547 1262 1713 1320 „haud
1769 1261 2002 1324 cuiquam
2057 1261 2333 1310 secundum
2390 1261 2575 1308 flumen

439 1359 787 1423 magnitudine
829 1383 888 1390 -
930 1364 979 1402 et
1015 1368 1175 1416 aquae
1219 1348 1568 1399 vehementia“
1625 1344 1753 1410 (Jul.
1794 1345 1970 1394 Valer.
2012 1343 2151 1395 Gest.
2190 1345 2349 1395 Alex.
2404 1345 2471 1395 11.
2511 1347 2572 1395 31

436 1460 488 1508 p.
531 1446 643 1501 117,
686 1445 800 1497 118)
839 1455 898 1488 ac
935 1440 1140 1502 dignum
1178 1435 1382 1484 nomine
1419 1424 1640 1499 Ἱέρακος
1679 1431 1918 1494 (Niceph.
1958 1431 2113 1479 Phoe.
2154 1433 2218 1479 de
2244 1431 2404 1484 Velit,
2442 1431 2575 1479 Bell.

441 1531 510 1576 20
543 1543 593 1592 p.
633 1529 752 1587 2423
792 1527 854 1574 16
891 1524 952 1573 cf.
989 1522 1156 1573 Cram.
1197 1519 1366 1572 Schol.
1406 1518 1633 1566 Iuvenal.
1692 1516 1787 1567 111.
1829 1517 1924 1564 117
1980 1532 2028 1578 p.
2068 1517 2147 1567 89.
2222 1515 2388 1565 Sti-ab.
2424 1515 2578 1586 XIV.

441 1631 492 1678 p.
529 1615 628 1662 673
665 1620 715 1660 et
751 1612 900 1660 Euat.
937 1609 1149 1672 Dionys,
1190 1605 1391 1666 Perieg.
1431 1604 1528 1651 867
1565 1617 1614 1666 Ρ.
1655 1602 1770 1660 269,
1807 1603 1837 1649 7
1892 1596 2082 1668 ψυχρόν
2117 1612 2172 1648 τε
2206 1597 2289 1648 καὶ
2326 1597 2485 1671 τραχὺ
2521 1597 2579 1650 τὸ

444 1694 605 1763 ῥεῦμα
664 1695 725 1749 οἱ
775 1695 912 1745 Plut.
961 1691 1069 1743 Cat.
1109 1691 1223 1753 maj.
1274 1685 1387 1754 20),
1441 1701 1746 1750 quamquam
1785 1701 1901 1734 vere
1938 1688 2284 1734 tantummodo
2340 1694 2452 1734 eum
2502 1695 2579 1735 tu·

445 1797 582 1831 mere
631 1763 856 1830 sci-ibunt
899 1777 1100 1828 Solinus
1145 1778 1208 1826 38
1247 1791 1296 1839 p.
1333 1775 1400 1823 49
1439 1773 1498 1822 C.
1547 1783 1621 1831 et,
1683 1772 1768 1834 qui
1820 1771 2093 1834 neglectus
2152 1779 2229 1819 est
2282 1772 2344 1818 ab
2380 1771 2581 1821 Jacobo

447 1866 658 1927 Quaest.
695 1865 845 1929 Epic.
883 1863 982 1912 111.
1022 1865 1048 1910 1
1086 1878 1136 1925 p.
1178 1861 1292 1920 103,
1331 1843 1555 1908 Isidorus
1590 1856 1745 1906 XIII.
1782 1858 1864 1918 21,
1904 1858 1969 1905 20
2002 1872 2055 1920 p.
2090 1857 2206 1916 430,
2260 1855 2422 1906 suffici
2462 1871 2583 1905 eon-

445 1959 741 2002 sentaneum
779 1947 874 1998 suit
908 1944 1035 1996 hoc:

1151 2029 1361 2078 tantis
1400 2027 1486 2092 qui
1522 2027 1705 2075 leniter
1742 2027 1905 2075 undis.

450 2120 582 2170 Nam
619 2126 884 2180 „tantus
923 2118 973 2165 in
1011 2122 1134 2165 nota
1169 2113 1514 2175 magnitudine
1541 2112 1728 2160 dicitur
1764 2127 1856 2174 pro
1894 2111 2076 2160 valde
2112 2113 2409 2174 magnus“
2448 2109 2586 2161 Cor-t.

449 2205 639 2255 Lucan.
681 2204 778 2253 111.
817 2205 915 2252 287
953 2217 998 2265 Ρ,
1029 2201 1143 2249 357.
1183 2199 1350 2261 Sillig.
1377 2194 1489 2249 Cul.
1530 2197 1629 2244 266
1656 2211 1703 2260 p.
1732 2197 1811 2248 92.
1853 2195 1925 2244 Ut
1956 2197 2274 2259 intelligatur
2311 2198 2588 2246 mirabilem

453 2291 604 2340 scribi
658 2304 688 2337 a
735 2288 943 2337 Tibullo
995 2285 1156 2344 fluvii,
1217 2284 1302 2346 qui
1357 2283 1418 2330 de
1464 2282 1639 2330 Tauro
1696 2288 1867 2328 monte
1918 2281 2294 2331 vehementiore
2348 2297 2588 2345 aquarum

455 2375 654 2438 agmine
693 2387 843 2436 prae
858 2371 1167 2435 cipitatur
1205 2365 1393 2432 (Solin.
1432 2367 1467 2418 l.
1505 2365 1606 2425 d.)‚
1661 2366 1917 2430 placidum
1956 2381 2155 2415 cursum
2194 2374 2343 2429 atque
2380 2369 2591 2427 exitum,

454 2462 518 2509 de
556 2474 658 2523 quo
697 2458 781 2520 qui
819 2456 1010 2518 aliquid
1049 2455 1288 2502 dixerunt
1327 2451 1621 2500 Huschkius
1657 2467 1708 2514 p.
1756 2451 1847 2499 191
1890 2457 1938 2498 et
1973 2450 2333 2516 Bernhardyus
2374 2452 2592 2516 Dionys.

457 2544 652 2606 Perieg.
694 2543 790 2591 868
827 2557 878 2605 Ρ.
918 2541 1017 2589 764
1053 2539 1116 2588 cf.
1144 2538 1309 2587 Wess.
1347 2536 1492 2590 obss,
1531 2535 1572 2588 Ι.
1604 2536 1669 2584 14
1704 2537 1853 2599 p.47.
1890 2533 2117 2585 Oberlin.
2142 2537 2259 2586 vib.
2288 2537 2407 2600 Seq.
2434 2554 2483 2601 p.
2508 2539 2591 2596 96,

457 2644 550 2678 nee
587 2628 818 2676 tacitas
873 2640 1030 2688 aquas
1085 2624 1281 2686 gravati
1336 2629 1456 2671 sunt
1489 2637 1584 2670 nec
1617 2621 1753 2668 istud
1790 2619 2042 2668 leniter.
2136 2621 2199 2669 In
2234 2623 2596 2684 per-miscendis

459 2721 621 2762 autem
660 2711 868 2760 vocibus
922 2716 1117 2780 tan-tus
1173 2716 1226 2756 et
1277 2707 1498 2756 tacitus
1541 2705 1859 2768 frequentius
1896 2706 2165 2769 exspatiati
2219 2716 2339 2758 sunt
2389 2708 2595 2769 librarii,

460 2799 614 2847 veluti
653 2796 789 2860 apud
827 2795 1160 2844 Claudianum
1199 2793 1370 2856 Epith.
1410 2791 1540 2841 Pau.
1579 2791 1647 2840 50
1682 2797 1897 2839 tantae
1951 2792 2174 2840 laetitiae
2209 2793 2261 2840 in
2299 2795 2481 2842 Moret.
2518 2810 2593 2858 pr.

459 2882 677 2932 tacitae
714 2887 780 2942 et,
816 2887 874 2928 ut
907 2886 1225 2944 praeteream
1253 2873 1440 2925 Culicis
1465 2891 1660 2924 versum
1686 2876 1813 2926 266:
1848 2881 2023 2924 tanto
2062 2875 2319 2926 maerore“
2361 2894 2394 2926 a.
2418 2878 2593 2927 Mark-

461 2968 618 3017 lando
655 2965 783 3016 Silv.
821 2965 887 3017 V.
929 2968 972 3024 1,
1010 2966 1108 3013 201
1147 2978 1198 3026 Ρ.
1227 2964 1343 3024 353,
1379 2964 1432 3011 id
1471 2963 1604 3024 quod
1632 2961 1859 3025 Silligius
1894 2963 2109 3024 ignorat,
2147 2963 2219 3010 sie
2254 2962 2595 3013 immutatum:

461 3054 693 3110 tanim,
731 3052 782 3099 in
819 3051 881 3099 iis
919 3050 1060 3108 locis,
1099 3064 1228 3113 quos
1263 3048 1551 3096 indicarunt
1584 3045 1977 3111 Oudendorpius
2012 3047 2171 3112 Apul.
2204 3047 2329 3097 Met.
2366 3047 2407 3097 Ι.
2444 3045 2609 3112 p,42.⁴

461 3135 918 3186 Drakenborehius
973 3135 1086 3183 Liv.
1122 3134 1236 3182 XL.
1275 3135 1334 3192 9,
1381 3135 1428 3183 5.
1499 3131 1818 3181 Schwarzius
1868 3139 1919 3180 et
1963 3132 2269 3182 Arntzenius
2314 3133 2599 3186 Mamertin.

465 3224 591 3271 Pan.
633 3224 658 3270 1
695 3238 746 3286 p,
788 3224 851 3270 10
887 3235 960 3284 sq.
999 3217 1063 3268 cf.
1099 3218 1374 3268 Weichert.
1413 3217 1573 3281 Epist.
1613 3217 1737 3269 Crit.
1776 3219 1838 3266 de
1872 3216 1993 3266 Val.
2029 3219 2200 3272 Flace.
2239 3235 2285 3283 p.
2325 3217 2389 3269 39
2426 3235 2499 3283 sq.

601 3306 710 3356 Nee
736 3307 798 3354 de
824 3305 1061 3369 proximo
1075 3319 1226 3353 versu
1246 3303 1379 3352 docti
1397 3303 1625 3353 homines
1645 3303 2341 3368 probabiliterdisseruerunt.
2380 3305 2602 3354 Tantum

471 3393 602 3441 enim
657 3391 827 3449 abest,
886 3398 944 3438 ut
1003 3403 1118 3438 eum
1171 3388 1256 3437 alii
1313 3396 1417 3436 tum
1460 3389 1778 3437 Burmannus
1823 3384 2029 3439 Lotieh.
2068 3387 2237 3439 Carm.
2274 3388 2373 3440 111.
2412 3391 2501 3450 29,
2543 3390 2607 3442 14

468 3493 516 3541 p.
554 3477 652 3526 558
689 3482 742 3523 et
776 3473 1061 3522 Meinekius
1096 3472 1251 3523 Anal.
1291 3472 1440 3524 Alex.
1481 3489 1530 3537 p.
1569 3475 1668 3523 277
1706 3475 1989 3523 caeruleum
2025 3474 2233 3524 fiuvium
2281 3484 2417 3524 reete
2453 3476 2605 3524 inter-

468 3568 736 3626 pretentur
773 3572 888 3608 eum
927 3573 1048 3617 esse,
1087 3558 1172 3620 qui
1209 3573 1452 3621 aquarum
1489 3559 1709 3622 puritate
1747 3559 1984 3620 excellat,
2022 3565 2080 3608 ut
2114 3566 2358 3625 appareat
2392 3577 2422 3609 a.
2458 3569 2609 3625 poeta

469 3647 559 3694 illo
613 3645 813 3710 quidem
875 3659 904 3691 a
940 3643 1328 3692 reconditiorum
1388 3642 1672 3692 fabularum
1712 3645 2190 3694 commemoratione
2247 3661 2347 3694 non
2406 3646 2609 3694 omnino

474 3732 642 3780 alieno
681 3730 778 3779 boe
813 3728 932 3778 dici:
973 3725 1206 3792 Cydnum
1243 3728 1586 3776 candidum
1624 3728 1833 3778 fluvium
1871 3756 1934 3766 —
1972 3731 2044 3779 sie
2081 3731 2210 3778 enim
2237 3731 2380 3792 ajunt
2404 3729 2610 3781 Solinus

431 3815 436 3820 “
473 3825 524 3866 et
559 3815 786 3865 Isidorus
822 3814 877 3862 ll.
915 3814 996 3866 dd.
1035 3812 1100 3863 cf.
1137 3813 1345 3863 Gualth.
1384 3813 1542 3862 Alex.
1580 3813 1652 3863 Π.
1677 3814 1801 3865 148:
1836 3814 2041 3874 „Purus
2079 3823 2130 3864 et
2164 3815 2333 3864 illimis
2370 3841 2432 3850 -—
2471 3814 2609 3865 Con·

475 3908 650 3956 tentus
703 3913 814 3949 sese
867 3905 944 3948 est
996 3899 1240 3961 nullaque
1294 3898 1499 3947 aliunde
1536 3900 1732 3948 ruentis
1769 3898 2011 3949 Admittit
2043 3901 2275 3951 torrentis
2312 3902 2502 3964 aquas“
2549 3926 2611 3936 —-·

474 3997 568 4050 per
599 3985 736 4033 vada
769 3997 978 4048 serpere
1015 3969 1394 4033 caeruleum
1431 3981 1640 4046 (Jacob.
1678 3983 1887 4044 Quaest.
1926 3985 2073 4050 Epic.
2110 4001 2157 4050 p.
2198 3987 2261 4035 79
2298 4001 2371 4049 sq.
2419 3985 2610 4036 Auson.

475 4071 678 4119 Mosell.
715 4071 845 4119 482:
882 4067 1077 4131 stagnis
1115 4093 1174 4102 —-
1216 4068 1494 4131 caeruleis)
1529 4069 1721 4118 factum
1759 4065 1987 4118 admixta
2025 4070 2135 4133 ejus
2171 4069 2327 4120 fontis
2364 4083 2515 4133 aqua,
2553 4072 2615 4120 de

477 4170 578 4217 qua
616 4153 887 4203 memoriae
923 4149 1260 4216 prodiderunt
1294 4151 1589 4218 Stephanus
1613 4155 1891 4218 Byzantius
1913 4153 2311 4218 Eustathiusque
2347 4151 2615 4216 (Parthen.

476 4239 534 4291 fr.
555 4238 756 4290 XXIV.
788 4255 835 4302 p.
857 4237 1012 4300 277):
1047 4235 1197 4306 κώμη
1233 4231 1509 4307 Γλαφὺραι,
1547 4236 1596 4287 ἐν
1634 4235 1673 4308 ᾖ
1716 4237 1849 4306 πηγὴ
1890 4237 1987 4289 ἀπὸ
2025 4237 2247 4306 ῥωγάδος
2282 4236 2616 4304 καταῤῥέουσα

477 4320 562 4392 καὶ
599 4323 832 4371 συνιοῦσα
867 4327 948 4384 τῷ·
981 4319 1049 4377 εἰς
1084 4315 1276 4390 Ταρσὸν
1313 4320 1645 4389 συμβάλλοντι
1680 4329 1911 4389 ποταμῷ,
1964 4320 2077 4391 περὶ
2131 4321 2189 4392 ἧς
2226 4317 2499 4392 Παρθένιος
2552 4351 2615 4359 —-

478 4403 758 4475 καθαρῷ·
794 4404 1083 4472 ἐπεμαίνετο
1120 4400 1304 4473 Κύδνῳ
1362 4433 1422 4442 -
1480 4401 1567 4462 Εἰς
1603 4405 1688 4456 όκε
1744 4423 1826 4473 μιν
1879 4400 2072 4476 Κύπρις
2125 4405 2287 4476 πηγὴν
2340 4405 2458 4457 θέτο
2513 4404 2621 4473 μῖξε
