3234 4967
689 387 790 437 206
1538 384 1826 449 conject.
1863 384 1993 438 XII.
2098 434 2110 443 ,

687 556 866 605 eodem
903 562 1164 620 poetarum
1195 555 1314 618 jure
1352 553 1496 615 fecit,
1550 569 1654 619 quo
1691 556 1823 606 infra
1856 571 1904 605 r.
1943 557 2043 607 219
2080 569 2155 619 sq.
2188 555 2417 621 scripsit:
2472 554 2523 605 Is
2572 554 2723 611 dolor
2775 555 2827 605 iu

688 642 846 701 vultu,
883 648 1081 691 tantum
1119 641 1389 706 crinesque
1425 655 1705 703 comaeque
1731 638 1951 691 Noctis
1989 640 2184 689 habeut
2218 640 2267 693 h.
2289 655 2332 690 e.
2370 640 2631 701 maeroris,
2666 642 2831 705 aegri-

688 726 892 777 tudinis.
932 726 1210 775 Vulnere
1245 734 1409 776 autem
1446 732 1560 790 post
1594 733 1855 789 acceptam
1881 724 2150 777 Priscillae
2176 725 2317 775 obitu
2340 726 2548 791 plagam
2568 724 2829 775 Abascan-

688 812 743 859 tii
778 798 1334 861 domum'laborantem
1371 812 1554 861 rectius
1591 809 1689 861 dici
1729 819 1781 859 et
1818 810 1981 874 magis
2016 810 2223 875 proprie
2270 827 2423 876 quam
2472 810 2691 861 funere
2739 826 2832 876 per

689 910 744 944 se
794 896 981 959 patet.“
1054 894 1154 955 Qui
1191 896 1458 947 Heinsium
1505 896 1665 945 virum
1714 904 1766 945 et
1811 896 2190 959 elegantissimo
2231 895 2427 959 judicio
2484 903 2533 945 et
2582 896 2826 959 singulari

674 982 918 1045 doctrina
953 980 1376 1045 promptissimum
1413 980 1467 1043 in
1503 976 1792 1031 tritissimac
1817 981 1892 1029 rei
1914 981 2237 1043 ignoratione
2262 978 2587 1043 (vim-Iacob.
2611 980 2826 1041 Quaest.

686 1064 832 1128 Epic.
869 1081 917 1129 p.
959 1062 1045 1128 77)
1084 1065 1273 1115 versari
1313 1065 1546 1129 opinatus
1588 1065 1699 1129 ipse
1744 1065 1796 1113 id
1844 1081 1948 1137 non
1994 1072 2297 1129 assequutus
2348 1074 2445 1126 est,
2502 1068 2640 1131 quod
2680 1066 2827 1116 Statii

685 1152 942 1199 sententia
979 1149 1230 1213 efflagitat
1263 1164 1357 1213 par
1392 1158 1445 1199 et
1481 1150 1659 1199 similis
1686 1150 1897 1199 Lucano
1918 1148 1986 1200 11.
2008 1152 2098 1200 20:
2135 1150 2283 1200 Tunc
2318 1158 2581 1215 questus
2618 1160 2826 1201 tenuere

684 1250 808 1285 suos
848 1250 1160 1299 magnusque
1187 1248 1278 1298 per
1301 1246 1480 1283 omnes
1501 1235 1722 1283 Errabat
1746 1234 1854 1283 sine
1881 1249 2003 1284 voce
2042 1236 2203 1286 dolor.
2244 1236 2331 1287 Sic
2368 1234 2589 1285 funere
2626 1236 2827 1300 primo

685 1321 1022 1371 Adtonitae
1060 1327 1316 1369 tacuere
1353 1318 1610 1369 domus“
1648 1320 1711 1371 cf.
1748 1320 1863 1371 Sen.
1902 1318 2033 1371 Oed.
2070 1322 2158 1371 56:
2206 1321 2458 1383 Fletuque
2495 1322 2679 1371 acerbo
2730 1320 2825 1371 su-

698 1420 852 1455 nera
887 1415 938 1456 et
975 1413 1205 1469 questu
1241 1405 1466 1455 carent.“
1534 1405 1650 1455 Hoc
1687 1405 1838 1467 igitur
1873 1406 2049 1455 deberi
2086 1405 2249 1456 Statio
2286 1404 2513 1455 affirmo:

1413 1497 1463 1540 et
1497 1490 1664 1540 adhuc
1700 1490 1752 1538 in
1787 1490 2009 1541 funere
2046 1492 2210 1556 primo

989 1576 1182 1643 Pigra
1216 1576 1396 1627 domus
1431 1582 1677 1639 questus.

683 1662 752 1713 Et
787 1674 960 1712 vocem
1000 1660 1220 1710 funere
1259 1660 1456 1725 quidem
1491 1660 1741 1711 Imhofius
1778 1660 1920 1711 nullo
1956 1660 2161 1709 delectu
2194 1660 2367 1709 habito
2402 1659 2632 1711 locorum
2670 1659 2740 1710 11.
2774 1663 2827 1721 1,

681 1748 730 1797 4.
769 1748 817 1809 6,
844 1748 925 1797 95.
963 1746 1030 1799 V.
1053 1747 1099 1805 3,
1119 1746 1234 1797 251.
1260 1747 1308 1804 5,
1324 1747 1392 1794 43
1429 1760 1533 1795 non
1569 1746 1799 1811 percepit
1834 1754 1886 1795 et
1919 1746 1983 1795 iis
2017 1745 2247 1809 probari,
2284 1760 2415 1809 quae
2451 1744 2825 1808 adnot.Eclog.

682 1847 729 1879 v.
750 1832 814 1883 38
853 1830 1076 1881 collecta
1100 1837 1237 1891 sunt,
1277 1836 1328 1879 et
1351 1830 1643 1879 confirmari
1672 1831 1733 1881 iis
1769 1830 1918 1890 locis,
1954 1830 2009 1901 in
2035 1830 2215 1894 quibus
2252 1845 2605 1894 supremum
2630 1829 2824 1879 funus

681 1914 787 1979 legi
820 1915 1142 1965 Burmannus
1177 1912 1296 1963 Val.
1334 1914 1508 1965 Flace.
1532 1914 1596 1968 V,
1625 1916 1691 1965 25
1728 1931 1777 1979 p.
1804 1916 1905 1964 408
1944 1915 2140 1975 docuit,
2178 1913 2366 1965 funus
2402 1915 2660 1979 primum
2700 1916 2827 1963 Bar-

682 2000 817 2049 thius
855 2000 1019 2052 Theb.
1057 2000 1124 2049 V.
1163 2001 1261 2051 593
1311 2015 1357 2063 p.
1398 2001 1499 2049 274
1547 2008 1596 2048 et
1632 1999 2127 2065 Martyni-Laguna
2180 2000 2373 2049 Lucan.
2410 1999 2481 2047 ΙΙ.
2520 2002 2580 2049 21
2623 2016 2673 2065 p.
2713 2002 2825 2049 184.

665 2084 814 2133 ·Voci
853 2084 1074 2148 pigrae
1112 2092 1282 2133 autem
1321 2092 1584 2149 reparatae
1622 2086 1751 2135 fides
1790 2085 1992 2135 additur
2028 2084 2276 2148 exemplis
2312 2092 2362 2133 et
2385 2085 2463 2142 iis,
2498 2085 2705 2148 quaein
2726 2099 2826 2135 me-

679 2170 818 2219 dium
868 2169 1154 2219 attulerunt
1190 2169 1433 2220 Heinsius
1469 2169 1621 2222 Ovid.
1662 2172 1788 2219 Met.
1825 2170 1921 2223 IV.
1958 2171 2063 2219 470
2096 2186 2142 2234 p.
2184 2170 2297 2221 282.
2370 2168 2693 2219 Burmannus
2728 2168 2826 2220 XI.

681 2255 780 2305 603
816 2270 865 2318 p.
904 2255 1004 2305 794
1042 2261 1094 2303 et
1129 2252 1398 2307 Claudian.
1437 2254 1588 2307 Proh.
1629 2265 1681 2304 et
1714 2254 1890 2320 Olybr.
1925 2256 2020 2306 169
2056 2270 2105 2319 p.
2147 2256 2210 2304 16
2247 2270 2323 2318 sq.
2395 2252 2598 2305 Cottius
2634 2254 2829 2303 Lucan.

682 2339 748 2387 V.
783 2340 887 2389 434
921 2354 970 2403 p.
1009 2339 1125 2399 633,
1165 2346 1214 2388 et
1248 2340 1408 2403 ipsius
1445 2340 1590 2390 Statii
1628 2340 1795 2390 Theb.
1820 2338 1915 2391 x1.
1956 2340 2053 2391 588
2092 2340 2256 2403 pigri
2293 2338 2500 2391 Averni.
2542 2339 2701 2389 Paris.
2740 2339 2827 2389 alt.

681 2424 852 2487 nigri
889 2423 947 2473 cf.
991 2422 1116 2477 Silv.
1153 2424 1194 2475 I.
1227 2426 1274 2486 3,
1293 2426 1358 2473 42
1399 2422 1649 2489 (Conject,
1690 2422 1846 2488 XIX)
1886 2426 2181 2489 pingues:
2218 2424 2430 2487 nigros
2466 2422 2823 2487 Martialisque

679 2510 747 2560 X.
770 2512 816 2569 2,
839 2512 892 2557 7:
929 2509 1130 2572 Pigra
1167 2524 1257 2573 per
1282 2509 1490 2561 flumina
1524 2506 1733 2564 Lethes,
1760 2511 1870 2559 cod.
1900 2509 2062 2559 Scriv.
2100 2511 2283 2573 nigra
2319 2517 2370 2557 et
2405 2506 2675 2559 Claudiani
2704 2508 2825 2559 Rus.

679 2595 749 2642 11.
787 2596 911 2644 325:
947 2596 1272 2658 pigrasque
1310 2610 1465 2659 sopor
1501 2594 1775 2644 diffuderat
1811 2595 1935 2646 alas.
1996 2593 2107 2648 Pal.
2143 2596 2491 2658 nigrasque.
2551 2593 2670 2643 Jam
2696 2610 2819 2645 vero

679 2680 866 2743 pigra
899 2681 1118 2728 domus
1155 2679 1355 2739 dicitur,
1391 2694 1449 2729 ut
1483 2680 1536 2729 in
1574 2672 1737 2732 Theb.
1771 2678 1923 2731 VIII.
1962 2680 2089 2730 637:
2128 2680 2295 2730 subito
2333 2696 2485 2744 quum
2523 2681 2581 2743 pi
2595 2695 2708 2743 gra.
2742 2687 2820 2729 tu-

678 2763 838 2813 multu
873 2763 1097 2827 Expavit
1132 2764 1363 2825 domu8,“
1403 2765 1548 2829 pigra
1583 2773 1822 2828 questus
1858 2774 2028 2814 autem
2066 2762 2158 2827 (cf.
2197 2765 2323 2815 silv.
2361 2764 2431 2814 11.
2457 2766 2505 2825 6,
2543 2766 2633 2815 38:
2670 2764 2817 2815 femi-

677 2863 829 2897 neum
868 2849 1027 2897 vultu
1063 2850 1237 2899 decus.
1275 2849 1443 2900 Rehd.
1478 2850 1681 2903 vultus,
1720 2850 1919 2899 Lucan.
1943 2848 2006 2903 V.
2028 2850 2127 2899 316
2163 2849 2365 2899 fultus.
2404 2850 2574 2901 Berol.
2600 2847 2823 2913 vultu),

678 2940 734 2981 ut
769 2932 861 2983 Sil.
897 2932 1045 2983 xlv.
1084 2935 1208 2984 264:
1246 2933 1515 2983 Naulocha
1551 2936 1737 2999 pigra
1774 2934 2020 2999 pericli.
2092 2934 2215 2983 XV.
2254 2936 2382 2985 504:
2418 2934 2555 2985 Arar
2588 2952 2681 2999 per
2706 2950 2822 2983 rura

678 3018 1060 3081 pigerrimus
1095 3018 1346 3067 undae“
1385 3016 1667 3081 (Vechner.
1706 3018 1964 3070 Hellenol.
1988 3020 2032 3069 Ι.
2056 3022 2134 3077 18,
2173 3018 2201 3069 7
2228 3036 2279 3085 p.
2302 3017 2440 3083 179).
2476 3020 2627 3071 Hor.
2655 3020 2821 3085 Epist,

677 3100 746 3153 11.
791 3106 834 3163 1,
871 3104 995 3153 124:
1031 3102 1286 3151 Militiae
1322 3103 1564 3167 piger‚“
1602 3104 1686 3166 qui
1724 3104 1853 3153 idem
1892 3102 2061 3155 Carm.
2099 3105 2195 3156 IV.
2233 3106 2280 3164 6,
2319 3108 2409 3155 17:

1119 3184 1218 3235 Sed
1255 3187 1424 3250 palam
1461 3188 1673 3251 captis
1708 3189 1895 3251 gravis,
1935 3188 2036 3237 heu
2073 3190 2219 3241 nefas
2257 3186 2375 3249 heu,

1118 3269 1332 3321 Nescios
1365 3270 1464 3322 fari
1500 3287 1691 3336 pueros
1727 3273 1936 3323 Achivis

805 3423 812 3429 ι
1120 3356 1308 3405 Ureret
1340 3356 1558 3407 flammis

675 3457 779 3490 non
817 3440 992 3491 dubito
1029 3440 1150 3503 quin
1187 3438 1442 3493 Achillem
1478 3442 1626 3491 illum
1662 3443 2007 3507 impigrum
2044 3452 2095 3493 et
2129 3457 2337 3493 acrem
2380 3442 2567 3509 (Epist.
2606 3446 2673 3495 ad
2711 3445 2815 3493 Pis.

681 3527 803 3589 121)
856 3541 948 3576 nec
995 3541 1228 3590 umquam
1266 3541 1571 3587 „excussum
1605 3527 1797 3591 coeptis
1813 3528 1844 3553 “
1894 3526 2077 3591 (Theb.
2115 3529 2183 3577 ΙΙ.
2222 3528 2344 3594 570)
2383 3530 2569 3579 dixerit
2604 3529 2819 3593 coepti

679 3627 958 3675 gravem:

1117 3696 1222 3748 Sed
1258 3696 1427 3761 palam
1465 3697 1688 3761 coepti
1726 3697 1911 3761 gravis,
1949 3698 2049 3747 heu
2085 3698 2225 3749 nefas
2262 3700 2379 3760 heu,

674 3791 732 3833 ut
767 3782 1088 3833 Claudianus
1123 3783 1266 3832 Eutr.
1305 3782 1348 3832 Ι.
1385 3784 1512 3833 350:
1551 3782 1725 3845 Atque
1762 3782 1947 3845 aliquis
1984 3784 2241 3844 gravior
2278 3799 2507 3833 morum
2544 3783 2607 3835 cf.
2636 3783 2813 3837 Barth.

675 3868 790 3921 Rus.
829 3868 870 3917 Ι.
897 3870 995 3918 377
1033 3884 1083 3933 p.
1111 3868 1254 3919 1186.
1317 3864 1412 3916 Cui
1449 3867 1747 3917 insolentiae
1784 3883 1903 3917 vere
1940 3869 2218 3933 capiendae
2254 3869 2473 3932 impares
2511 3868 2701 3917 librarii
2730 3876 2815 3917 aut

675 3968 889 4001 vacuum
927 3954 1242 4017 reliquerunt
1276 3953 1446 4001 locum
1483 3950 1556 4014 (id
1593 3954 1728 4015 quod
1764 3952 1951 4002 factum
1989 3960 2067 4001 est
2100 3954 2151 4003 in
2188 3952 2472 4014 Turicensi‚
2510 3952 2817 4012 Graevian0‚

675 4037 802 4100 Reg.
827 4037 1014 4091 Societ.
1041 4036 1246 4101 codice)
1271 4047 1364 4089 aut
1392 4039 1629 4103 captis,
1667 4046 1925 4102 captos,
1962 4039 2196 4098 victor,
2234 4046 2457 4103 raptor
2493 4039 2816 4089 suffecerunt.

673 4120 868 4169 Verum
906 4110 1041 4171 illuc'
1064 4130 1303 4173 revertor.
1376 4123 1519 4172 Idem
1557 4124 1692 4171 enim
1729 4124 1998 4173 verborum
2034 4124 2163 4172 ordo
2200 4130 2252 4173 et.
2288 4124 2401 4173 aliis
2437 4124 2489 4172 in
2536 4123 2663 4173 locis
2708 4139 2815 4173 cer-

673 4205 808 4253 nitur
848 4215 897 4253 et
932 4206 1098 4257 Theb.
1131 4206 1287 4260 vm.
1321 4209 1450 4259 454:
1499 4205 1738 4258 Cultor
1772 4209 1878 4259 Jon
1921 4206 2161 4261 Pisac.“
2235 4204 2471 4271 Denique
2519 4224 2621 4259 non
2667 4209 2815 4278 dissi-

671 4289 812 4339 mulo
847 4291 1033 4340 rectius
1067 4290 1298 4353 fortasse,
1337 4307 1487 4357 quam
1523 4293 1821 4361 miseram
1858 4307 2047 4352 aurem,
2085 4307 2235 4355 quam
2272 4308 2533 4356 aegram
2572 4308 2685 4343 esse
2708 4294 2811 4343 Im·

671 4373 838 4425 hotius
887 4374 1044 4423 allato
1082 4374 1297 4423 Horatio
1335 4375 1437 4428 Sat.
1478 4376 1547 4425 11.
1587 4379 1637 4438 3,
1673 4380 1739 4428 29
1792 4379 2179 4441 interpretatur,
2232 4380 2361 4427 sumi
2416 4378 2497 4427 hic
2552 4394 2808 4429 mersam
