3234 4967
706 358 806 408 250
1517 350 1803 417 Conject.
1842 344 2019 405 XVH.

701 525 912 579 inseruit
944 539 1124 577 vocem
1160 522 1338 576 nam“
1397 520 1488 586 (cf.
1525 522 1755 587 Conjeet.
1790 522 1996 580 XVIII.
2034 522 2179 588 not).
2253 523 2418 587 Quam
2475 531 2665 575 tantam
2702 522 2847 576 inso-

703 612 906 661 lentiam
943 626 1046 663 non
1082 622 1186 660 tam
1223 607 1466 668 amolior,
1523 622 1672 672 quam
1727 608 1913 659 frustra
1950 608 2479 659 auimo-informatam
2513 624 2731 673 arguere
2769 611 2846 659 vi-

703 698 829 747 deor
865 703 1104 747 revocata
1140 695 1368 745 oratione
1407 696 1473 745 ad
1510 694 1642 743 hanc
1662 695 1989 746 sententiam:
2027 704 2081 743 tu
2118 694 2265 745 solus
2300 695 2523 745 omnium
2559 695 2609 745 is
2647 709 2719 755 es,
2756 694 2845 757 qui

701 790 884 831 cuncta
922 780 1190 844 impetrare
1227 781 1448 844 possis
1485 777 1681 840 (Burni.
1720 779 1915 831 Lucan.
1955 778 1997 829 1.
2040 781 2133 829 171
2174 796 2222 845 Ρ.
2250 782 2315 829 20
2351 779 2415 829 cf.
2453 779 2618 831 Theb.
2646 778 2710 832 V.
2750 780 2843 827 2οε

703 879 1038 929 quaecunque
1077 879 1139 915 es
1175 866 1262 929 ait,
1299 865 1382 915 cui
1418 864 1586 928 gloria
1622 861 1815 927 tanta):

1722 966 1843 1017 ades
1880 967 1979 1015 huc
2014 966 2225 1017 emissus
2264 966 2328 1016 ab
2364 976 2479 1016 atro

1005 1053 1210 1103 Limite.
1281 1048 1400 1099 Cui
1437 1048 1532 1099 soli
1570 1058 1759 1100 cuncta
1794 1034 2063 1115 impetrare
2098 1057 2347 1115 potestas,

1005 1136 1279 1196 Glaucia,
1317 1151 1406 1185 es:
1441 1136 1669 1185 insontes
1706 1136 1900 1184 animas
1938 1149 2033 1185 nec
2072 1136 2288 1199 portitor
2324 1146 2483 1187 arcet.

700 1240 760 1290 In
796 1238 1060 1289 Parmensi
1119 1234 1255 1287 libro
1317 1238 1448 1286 enim
1503 1230 1769 1287 'invenitur
1826 1235 2099 1286 Glaucias.
2174 1237 2329 1297 Quod
2367 1239 2452 1301 qui
2472 1238 2730 1303 *probavit
2767 1239 2838 1287 sic

700 1328 941 1391 positum}
979 1326 1102 1374 ades
1139 1324 1240 1371 huc
1278 1323 1488 1371 emissus
1525 1323 1586 1371 ab
1626 1333 1735 1372 atro
1773 1321 2025 1381 Limine,
2062 1322 2164 1371 cui
2200 1323 2298 1371 soli
2344 1330 2526 1371 cuncta
2570 1324 2839 1387 impetrare

697 1419 945 1475 potestas,
983 1408 1290 1469 fflaucias3
1343 1410 1574 1458 insontes
1629 1409 1819 1457 animas
1856 1422 1954 1456 nec
1988 1408 2201 1471 portitor
2236 1404 2413 1456 arcet“
2466 1406 2707 1455 Heinsius
2744 1403 2837 1458 Sil.

695 1496 849 1545 XIII.
887 1497 986 1546 845
1021 1511 1072 1559 p.
1111 1495 1210 1544 686
1247 1492 1362 1555 (ille
1399 1494 1602 1556 quidem
1640 1508 1703 1541 ne
1740 1507 1916 1543 versus
1954 1492 2155 1557 quidem
2184 1494 2309 1543 778:
2348 1490 2523 1557 Elysio
2551 1492 2839 1541 tendentem

695 1580 906 1629 limite
941 1580 1188 1629 cernens“
1224 1581 1438 1642 memor)
1475 1580 1633 1627 alium
1672 1579 1873 1627 admisit
1909 1592 2145 1637 errorem,
2184 1594 2335 1642 quam
2373 1590 2525 1640 quem
2564 1576 2639 1626 his
2664 1590 2839 1641 repre-

697 1666 874 1715 hendit
907 1664 1244 1714 Marklandus
1281 1680 1332 1727 p.
1371 1665 1500 1713 225:
1545 1662 1860 1727 „Glaucias
1897 1664 2193 1727 scripturam
2233 1663 2473 1712 Heinsius
2506 1662 2729 1726 probare
2764 1661 2837 1709 vi-

696 1752 866 1811 detui-3
903 1748 1069 1797 male:
1108 1748 1296 1811 quippe
1323 1764 1428 1797 vox
1465 1750 1605 1797 ades
1644 1750 1859 1798 vocandi
1886 1763 2058 1798 casum
2084 1750 2289 1797 omnino
2316 1747 2545 1813 postulat
2578 1741 2835 1805 Glaucia,

695 1850 797 1883 non
835 1832 1144 1882 Glaucias“
1199 1835 1308 1898 ipse
1363 1833 1470 1895 ejus
1509 1834 1583 1885 rei
1617 1834 1851 1897 ignarus,
1908 1848 2061 1897 quam
2098 1834 2393 1883 certissimis
2432 1822 2683 1896 exemplis
2720 1840 2839 1895 post

695 1918 1044 1968 Burmannnm
1081 1917 1311 1981 aliosque
1348 1918 1754 1968 confirmavimus
1790 1919 1942 1967 Anal.
1979 1918 2129 1983 Prop.
2170 1918 2318 1972 VIII.
2357 1935 2407 1983 p.
2446 1918 2526 1971 53.

833 2002 987 2063 Quod
1026 2016 1287 2066 superest:
1357 2002 1661 2053 latratum
1698 2003 1907 2054 Cerberi
1966 2002 2055 2069 (de
2091 2018 2193 2067 quo
2227 2012 2433 2067 praeter
2478 2003 2608 2052 alios
2644 2000 2835 2051 Statius

695 2088 820 2142 Silv.
859 2088 927 2140 V.
989 2089 1046 2148 3,
1107 2088 1222 2139 279.
1295 2088 1626 2145 Theb.,V11.
1666 2091 1780 2139 783.
1852 2089 2049 2140 Seneca
2094 2089 2250 2139 Herc.
2288 2088 2406 2139 Fur.
2450 2088 2574 2137 792:
2646 2088 2836 2136 latratu

695 2175 839 2239 gravi
876 2174 1018 2223 Loca
1052 2180 1191 2223 muta
1226 2174 1428 2221 terret.“
1501 2172 1765 2225 Claudian.
1809 2175 1925 2223 Ruf.
1964 2174 2029 2223 11.
2067 2176 2193 2225 457:
2262 2174 2645 2235 Intrantemque
2684 2172 2836 2221 etiam

695 2261 885 2309 latratu
923 2258 1171 2309 Cerberus
1207 2260 1410 2321 urget.“
1484 2258 1662 2309 Barth.
1702 2260 1833 2312 Stat.
1873 2260 1969 2308 IV.
2005 2261 2109 2311 486
2144 2276 2195 2323 p.
2241 2261 2384 2312 1128.
2456 2256 2664 2307 Peerlk.
2708 2256 2835 2308 Hor.

694 2343 859 2398 Carm.
896 2343 961 2397 11.
1002 2346 1064 2394 13
1100 2360 1150 2409 Ρ.
1187 2344 1310 2407 206)
1345 2344 1429 2391 hic
1465 2345 1744 2408 significari
1800 2360 1859 2393 ea
1894 2360 2030 2405 voce,
2092 2358 2193 2406 qua
2230 2358 2351 2394 usus
2388 2352 2465 2394 est
2501 2345 2611 2408 ipse
2646 2342 2835 2393 Statius

695 2430 821 2481 Silv.
855 2430 923 2483 V.
961 2432 1008 2490 3,
1045 2431 1168 2480 279:
1206 2430 1348 2477 nullo
1387 2436 1567 2479 sonet
1601 2444 1749 2493 asper
1778 2430 1972 2492 janitor
2010 2430 2133 2479 ore“
2193 2440 2247 2479 et
2282 2430 2487 2481 Seneca
2520 2429 2671 2480 Herc.
2708 2428 2831 2477 Fur.

693 2517 818 2566 784:
890 2514 1025 2576 „Qui
1077 2516 1208 2563 trina
1267 2522 1409 2564 vasto
1465 2515 1634 2576 capita
1669 2516 1963 2566 concutiens
2000 2530 2159 2565 sono
2197 2516 2430 2579 Regnum
2468 2514 2673 2563 tuetur“
2737 2511 2834 2578 (cf.

691 2600 839 2651 Ovid.
877 2600 1007 2653 Met.
1043 2598 1109 2652 ΙΙ.
1149 2600 1273 2649 666:
1325 2614 1484 2665 equae
1522 2615 1744 2655 sonus.
1815 2598 2034 2651 Phaedr.
2074 2600 2169 2653 111.
2212 2604 2290 2660 18,
2327 2602 2382 2651 9:
2444 2600 2618 2649 vincar
2653 2598 2834 2664 (pavo)

691 2686 870 2739 sono.“
941 2685 1124 2739 Avian.
1165 2686 1246 2744 34,
1287 2687 1378 2734 12:
1439 2687 1653 2749 querulo
1709 2694 1916 2750 ruperat
1950 2701 2071 2736 arva
2120 2700 2274 2735 sono
2308 2712 2370 2721 --
2410 2684 2631 2738 cicada.“
2700 2684 2833 2739 Eun,

691 2770 823 2821 Anu.
862 2770 927 2823 11.
967 2772 1064 2819 122
1100 2786 1151 2835 p.
1189 2773 1278 2820 20:
1315 2772 1580 2835 respondit
1615 2772 1783 2821 suavis
1822 2786 2015 2822 sonus
2053 2772 2311 2835 Egeriai.“
2364 2770 2834 2836 Luccej.Epitaph.

692 2858 753 2905 11
792 2854 1032 2907 Wernsd.
1069 2856 1174 2905 111.
1211 2872 1258 2920 p.
1299 2858 1422 2906 207:
1460 2870 1611 2906 verus
1644 2857 1819 2920 juveni
1857 2858 1997 2906 color
2036 2866 2088 2907 et
2124 2856 2422 2918 sonus“):

1399 2969 1631 3018 insontes
1668 2968 1861 3017 animas
1900 2982 1995 3017 nec
2032 2970 2248 3033 portitor
2284 2977 2423 3017 arcet

1097 3050 1208 3101 Nec
1247 3052 1406 3103 durae
1445 3068 1641 3103 sonus
1677 3053 1764 3101 ille
1801 3051 1938 3102 ferae

690 3178 855 3229 neque
893 3162 1140 3213 Heinsius
1175 3164 1320 3224 vidit,
1357 3165 1440 3215 cui
1477 3158 1695 3214 Orthum
1730 3178 1913 3213 canem
1950 3166 2049 3213 diei
2108 3165 2285 3215 dirue
2320 3164 2501 3213 ferae
2537 3163 2831 3213 comitem

685 3250 1018 3313 interpretato
1054 3249 1284 3313 plerique
1321 3250 1659 3309 crediderunt,
1693 3263 1789 3298 nec
1827 3249 2086 3310 Bai-thius,
2123 3250 2271 3313 cujus
2296 3257 2631 3301 commentum
2652 3248 2829 3299 Mark-

688 3334 876 3385 landus
913 3332 1224 3395 confutavit,
1262 3343 1350 3383 aut
1387 3333 1773 3397 Wesselingius‚
1812 3348 1961 3399 quem
1998 3336 2149 3399 hujus
2181 3335 2373 3401 incepti
2412 3342 2675 3385 auctorem
2710 3348 2827 3385 sua·

688 3432 957 3483 soremque
993 3419 1199 3469 invenio
1237 3417 1384 3471 Obss.
1423 3418 1494 3470 11.
1533 3422 1600 3469 20
1636 3436 1685 3485 Ρ.
1726 3420 1852 3470 2322
1900 3420 2073 3481 „Vide
2110 3436 2179 3473 an
2211 3407 2315 3471 vhoc
2352 3420 2557 3477 mollius
2590 3420 2657 3471 sit
2688 3418 2827 3480 futu-

687 3515 831 3555 rum:
893 3504 1000 3554 Nec
1049 3506 1189 3555 dirue
1226 3519 1394 3555 comes
1430 3506 1517 3554 ille
1577 3506 1720 3555 viae
1766 3500 2037 3572 accipique
2082 3506 2251 3572 possit
2294 3508 2357 3555 de
2394 3506 2675 3567 Mercurio,
2734 3506 2823 3569 qui

687 3588 962 3640 manium
1001 3600 1224 3641 vector
1261 3592 1742 3655 animarumque
1780 3600 2088 3645 evocator-
2126 3616 2185 3627 ·--
2226 3592 2389 3641 dictus
2426 3592 2587 3653 est.“.,-
2620 3590 2832 3639 Facilli-

687 3692 817 3725 mam
855 3686 1025 3725 autem
1085 3691 1196 3726 esse
1253 3692 1438 3728 vocum
1492 3693 1706 3727 comes
1753 3687 1804 3727 et
1840 3694 2041 3729 sonus
2077 3679 2498 3743 permutationem
2534 3675 2832 3739 intelligitur

685 3762 766 3810 vel
802 3776 868 3810 ex
919 3762 1007 3822 iis,
1046 3776 1177 3824 quae
1215 3764 1475 3813 attulimus
1513 3766 1690 3812 adnot.
1728 3758 1906 3827 Eclog.
1943 3766 2025 3814 46.
2063 3767 2127 3814 74
2162 3764 2227 3813 cf.
2266 3763 2330 3816 Π.
2371 3764 2416 3820 1,
2460 3762 2551 3810 131
2613 3763 2830 3810 sinens.

683 3844 844 3898 Behd.
886 3847 966 3894 sin
983 3862 1067 3895 us.
1141 3846 1408 3897 Postremo
1446 3863 1545 3897 non
1584 3849 1812 3897 omit-tam
1852 3848 2135 3897 Thebaidis
2173 3850 2337 3897 locum
2396 3847 2533 3895 huiic
2568 3844 2664 3895 1V.
2702 3847 2831 3895 4872

685 3944 780 3979 nec
814 3931 942 3980 lucis
979 3940 1190 3995 egentes
1229 3930 1482 3982 Cerberus
1519 3948 1735 3985 occursu
1774 3935 1995 4001 capitum
2034 3935 2426 3996 detorqueat
2461 3934 2716 3999 umbras“,
2778 3935 2831 3985 in

685 4030 787 4079 quo
825 4018 910 4079 qui
950 4022 1263 4081 retorqueat
1298 4018 1515 4082 scripsit,
1555 4020 1816 4079 Queckius
1853 4020 2157 4069 emendandi
2194 4022 2438 4068 conatum
2474 4020 2671 4083 paravit
2708 4029 2831 4070 etre

685 4109 736 4151 et
769 4101 924 4149 verbo
961 4102 1186 4151 alienum
1223 4102 1540 4168 falsumqu03
1597 4106 1683 4169 qui
1722 4105 2059 4154 Taurinensis
2104 4104 2294 4152 codicis
2334 4106 2653 4154 memoriam:
2724 4106 2829 4155 ἅθ’-

685 4195 926 4235 terreat
963 4188 1310 4251 comprobavit
1345 4188 1616 4239 Sentenius
1655 4190 1807 4254 Prop.
1846 4188 1941 4240 lv.
1984 4192 2063 4250 11,
2102 4191 2168 4239 24
2200 4205 2250 4254 p.
2288 4190 2387 4239 901
2430 4191 2484 4238 id
2530 4191 2683 4241 Statii
2718 4202 2830 4241 esse

683 4272 922 4333 credidit,
977 4273 1112 4335 quod
1149 4288 1179 4323 a
1215 4274 1555 4335 grammaticis
1591 4275 1876 4339 profectum
1914 4275 2082 4338 arguit
2120 4273 2283 4325 Vetus
2320 4276 2609 4327 Scholiasta
2646 4276 2827 4325 Barth.

683 4374 734 4423 Ρ.
774 4359 931 4412 1120:
973 4360 1386 4421 Detorqueat
1419 4361 1470 4408 id
1507 4371 1586 4409 est
1623 4361 2015 4409 deterreat.“
