3234 4967
1394 1569 1523 1656 -1.

552 1771 721 1833 Quum
761 1770 904 1820 multi
945 1770 1265 1821 Silvarum
1302 1768 1403 1818 loci
1440 1778 1768 1832 nequaquam
1805 1770 1926 1821 satis
1963 1770 2130 1819 adhuc
2169 1764 2406 1833 explicati
2448 1769 2560 1831 sint,

414 1866 521 1907 tum
559 1855 882 1922 perdifficilis
920 1864 995 1905 est
1032 1854 1265 1921 quaestio
1302 1854 1364 1903 de
1402 1862 1480 1912 ec,
1521 1854 1606 1918 qui
1643 1854 1834 1918 legitur
1867 1854 1967 1904 111.
2007 1857 2053 1914 5,
2090 1857 2182 1905 48:

756 1949 961 2010 Questa'
990 1948 1075 1999 est
1109 1947 1342 2012 Aegiale,
1382 1956 1562 2013 quest-a
1599 1954 1678 1996 est
1711 1948 1975 1998 Meliboea
2013 1948 2233 2013 relinqui

756 2019 825 2067 Et
862 2032 1171 2083 quamquam
1208 2017 1347 2065 saevi
1386 2017 1617 2065 fecerunt
1655 2016 1912 2065 Maenada
1947 2018 2198 2081 planetus.

414 2112 581 2174 Quem
634 2112 805 2161 locum
859 2118 1124 2181 postquam
1186 2109 1690 2175 „depravatissimum
1747 2116 1797 2159 ct
1849 2112 1960 2159 sine
2011 2110 2125 2160 aliis
2179 2111 2560 2175 exemplaribus

342 2243 347 2247 .
414 2210 698 2260 numquam
744 2192 1142 2246 restituendum“
1196 2196 1545 2260 pronuntiavit
1594 2194 1763 2249 Praef.
1800 2212 1849 2259 p.
1886 2194 2037 2245 XVI.
2077 2210 2150 2260 sq.
2222 2196 2564 2245 Marklandus

414 2284 480 2331 ad
543 2276 677 2331 hane
744 2282 1033 2345 corrigendi
1092 2286 1145 2329 ct
1198 2276 1487 2329 insolenter
1542 2279 1767 2329 sribendi
1830 2276 2097 2345 (Diomed.
2145 2279 2189 2328 I.
2237 2297 2286 2345 p.
2336 2282 2462 2339 380,
2518 2282 2565 2335 9.

416 2364 615 2417 Charis.
640 2366 739 2419 ΙΙΙ.
777 2382 827 2431 p.
854 2368 970 2427 261,
1008 2368 1091 2417 34.
1129 2364 1194 2415 ef.
1229 2382 1278 2430 p.
1316 2367 1433 2425 251,
1472 2361 1561 2430 24)
1597 2362 1854 2415 levitatem
1891 2366 2030 2415 Nott.
2069 2381 2118 2429 p.
2157 2366 2256 2416 296
2299 2367 2566 2431 prolapsus

417 2458 517 2501 est:
572 2452 643 2501 Et
689 2450 871 2514 cujus
920 2452 1056 2501 saevi
1099 2450 1415 2500 ferierunt
1449 2448 1731 2498 Maenala
1765 2450 2014 2515 planctus,
2090 2449 2356 2511 Quaenam
2393 2450 2563 2511 fuerit,

414 2537 605 2600 inquit,
640 2536 771 2585 haee
808 2536 981 2585 herois
1015 2534 1299 2595 Arcadica,
1338 2533 1611 2583 memoriae
1649 2550 1753 2584 non
1790 2550 1928 2584 nunc
1965 2536 2186 2584 occurrit
2221 2550 2337 2585 nec
2372 2542 2568 2584 vacat

415 2621 817 2685 disquirere:
854 2636 957 2669 non
992 2626 1159 2669 tamen
1194 2620 1372 2669 dubito
1413 2619 1536 2684 quin
1560 2618 1736 2683 aliqua
1759 2620 1837 2685 sit,
1877 2619 2020 2681 cujus
2045 2620 2256 2670 maritus
2283 2622 2346 2669 ad
2372 2621 2566 2669 bellum

416 2706 697 2768 Trojanum
751 2703 1017 2770 profectus
1088 2702 1199 2755 sit“.
1290 2702 1500 2755 Scilicet
1562 2720 1718 2768 quum
1783 2705 2061 2769 quaerendi
2123 2704 2566 2769 investigandique

416 2790 645 2855 singulas
683 2789 883 2839 fabulas
922 2805 989 2839 ex
1020 2790 1164 2839 vario
1203 2798 1255 2838 et
1290 2789 1556 2854 multiplici
1580 2791 1886 2855 scriptorum
1913 2804 2095 2853 genere
2119 2804 2334 2853 magnus
2361 2792 2566 2853 quidam

417 2877 575 2927 sudor
610 2876 677 2926 sit
712 2883 865 2939 atque
899 2873 1107 2924 eruendi
1132 2881 1185 2923 et
1206 2874 1496 2923 inveniendi
1525 2875 1672 2924 labor
1695 2890 1936 2939 perquam
1963 2874 2203 2937 difficilis,
2243 2890 2344 2939 qua
2367 2876 2566 2924 ratione
2637 2891 2652 2908 ·

419 2960 630 3025 defungi
667 2962 721 3010 in
744 2959 1003 3024 Propertii
1041 2959 1345 3008 carminibus
1382 2959 1573 3009 versati
1612 2959 1708 3008 sibi
1745 2974 1896 3020 posse
1923 2975 2307 3024 nonnumquam
2333 2960 2424 3009 visi
2453 2968 2570 3009 sunt

417 3047 782 3097 Lachmannus
820 3054 871 3095 et
894 3044 1146 3109 Hauptius
1182 3042 1273 3107 (de
1311 3044 1492 3107 quibus
1531 3044 1583 3093 in
1611 3042 1784 3095 Sinide
1807 3044 1982 3109 aliqua
2007 3046 2140 3094 dicta
2166 3052 2300 3106 sunt,
2338 3045 2488 3110 plura
2517 3046 2568 3093 in

418 3132 845 3181 Emendationum
872 3130 1026 3193 Prop.
1062 3130 1193 3178 libro
1220 3127 1489 3195 dicentur),
1528 3130 1706 3179 eadem
1742 3130 1871 3179 ratio
1897 3130 2098 3195 placuit
2123 3129 2272 3179 Statii
2299 3131 2565 3195 interpreti

418 3216 753 3278 Marklando,
798 3215 1061 3281 placuerat
1104 3223 1220 3265 ante
1257 3214 1468 3266 Bai-thio
1504 3215 1545 3267 1.
1583 3231 1634 3280 p.
1670 3216 1798 3265 341:
1839 3214 2148 3277 „Frustra
2195 3215 2297 3264 lab
2314 3230 2461 3265 ores
2508 3216 2570 3265 in

421 3301 759 3366 exigendis
804 3298 1072 3357 fabulis,
1117 3314 1247 3365 quae
1290 3300 1343 3349 in
1382 3300 1587 3349 cerebro
1623 3300 1774 3350 unius
1810 3300 2024 3349 hominis
2063 3299 2462 3365 applicationem
2501 3302 2568 3350 ad

418 3381 505 3438 res
558 3393 855 3452 praesentes
908 3392 1213 3435 sumserunt.
1278 3384 1509 3435 Omnia
1562 3386 1638 3435 ad
1693 3386 1948 3436 libitum
1997 3385 2244 3452 Papinius
2291 3387 2574 3436 detorsit

421 3488 661 3538 personas
688 3530 693 3535 ,
720 3479 980 3521 mutuatus
1040 3485 1107 3520 ex
1152 3467 1517 3535 mythhistoriis
1566 3487 1660 3522 suo
1708 3472 1970 3522 commodo
2018 3471 2196 3536 aptas“
2245 3487 2412 3537 neque
2461 3488 2571 3521 eam

423 3558 728 3623 expediendi
763 3556 1059 3607 facilitatem
1096 3570 1259 3621 nuper
1296 3557 1473 3605 abnuit
1508 3557 1816 3607 Duebnerus
1852 3573 1902 3621 p.
1940 3556 2040 3606 270
2079 3553 2165 3620 (cf.
2205 3556 2436 3621 Conject.
2474 3554 2570 3622 11.)

429 3642 675 3707 „Aegiale
699 3642 971 3692 Diomedis
1007 3657 1155 3703 uxor,
1194 3640 1514 3692 Philoctetae
1540 3643 1816 3694 Meliboea.
1845 3668 1906 3677 —
1947 3641 2098 3691 Certo
2125 3638 2252 3691 mihi
2279 3658 2572 3707 persuasum

421 3735 500 3778 est
533 3729 586 3777 in
626 3742 997 3791 quamquam
1045 3728 1208 3776 latere
1243 3742 1424 3777 nomen
1462 3728 1671 3793 aliquod
1709 3728 1971 3792 heroidos,
2021 3726 2239 3776 fortasse
2276 3728 2469 3777 Latiae.
2509 3753 2572 3762 —

422 3812 549 3875 Ejus
582 3812 799 3861 nominis
834 3812 1217 3862 inveniendi
1254 3828 1465 3862 euram
1502 3814 1563 3861 iis
1587 3813 1863 3873 committo,
1901 3811 2083 3875 quibus
2108 3810 2305 3861 felicius
2330 3814 2382 3860 in
2409 3810 2574 3860 Statio

423 3896 767 3947 commorandi
822 3898 977 3947 otium
1034 3905 1125 3947 est.
1222 3894 1457 3961 Cogitavi
1516 3899 1580 3946 de
1635 3896 1920 3947 Laodamia
1973 3898 2274 3957 Protesilai,
2329 3912 2464 3960 quae
2519 3912 2575 3946 se

423 3981 805 4032 Aemoniam
842 3982 966 4031 dicit
1002 3984 1137 4047 apud
1174 3980 1409 4032 Ovidium
1445 3983 1499 4031 in
1534 3982 1795 4047 Epistolis.
1868 3983 2244 4032 Aemoniam
2288 3997 2392 4031 non
2427 3982 2576 4030 nimis

422 4067 575 4131 longe
621 4068 763 4117 abest
809 4084 840 4115 a
884 4075 942 4116 et
986 4067 1289 4117 cancam.“
1367 4068 1466 4130 Qui
1517 4083 1648 4132 quae
1697 4068 1799 4116 alia
1835 4082 1866 4115 a
1903 4083 1956 4117 se
1992 4069 2199 4117 inventa
2234 4069 2343 4131 ipse
2379 4068 2578 4129 merit0,

424 4159 481 4201 ut
514 4151 651 4201 infra
686 4152 899 4213 dicetur,
940 4160 1333 4217 contempserat,
1370 4169 1429 4203 ea
1467 4154 1690 4220 amplexi
1718 4152 1976 4213 Queckius
2003 4162 2157 4217 atque
2179 4152 2427 4220 Jmhofius
2455 4151 2576 4200 nihil

426 4238 705 4302 quidquam
744 4241 953 4287 nostrae
991 4236 1298 4302 professioni
1335 4239 1686 4288 contulerunt:
1721 4238 1853 4288 haee
1879 4238 2012 4287 enim
2041 4230 2284 4287 Imhofius
2308 4236 2487 4301 Eelog.
2515 4240 2578 4285 ad

424 4320 589 4374 Uxor.
625 4337 674 4388 p.
718 4323 780 4373 19
818 4320 911 4385 (cf.
941 4318 1406 4387 Conjeet.XV1.):
1456 4322 1654 4388 „Etiam
1693 4323 1819 4373 haec
1858 4322 2116 4387 asperiore
2153 4324 2270 4372 lima
2296 4322 2577 4372 examinari

426 4408 592 4457 uoluit
636 4406 849 4461 Statius.
904 4405 1055 4457 Certe
1103 4410 1265 4467 enim,
1325 4410 1419 4458 nisi
1468 4407 1744 4459 festinandi
1781 4410 1958 4459 ardore
2002 4412 2241 4459 seductus
2289 4406 2579 4473 scripsisset

2067 4496 2164 4542 11*
