3234 4967
1310 379 1541 433 Adnot.
1583 381 1679 433 10.
2486 383 2565 465 21

425 582 748 670 impedire
782 586 921 672 ejus
952 583 1266 650 formulae
1292 607 1500 669 usum,
1538 586 1619 650 de
1646 608 1775 674 quo
1802 587 2215 653 existimatur
2239 610 2323 652 ex
2350 586 2575 653 Ovidii

424 688 572 754 loco
619 689 782 754 Met.
831 688 897 755 ll.
947 690 1103 755 659:
1149 692 1343 774 „Non
1389 693 1651 756 fuerant
1698 702 1912 758 artes
1958 695 2200 775 tanti,
2250 715 2415 780 quae
2463 715 2575 757 nu-

393 795 618 859 'minis
673 797 839 862 iram
897 795 1306 862 Contraxere
1365 796 1521 862 mihi
1540 801 1578 834 “
1638 799 1720 862 cf.
1769 798 1903 862 424
1960 808 2027 862 et
2082 799 2183 880 iis,
2255 799 2366 886 qui
2423 807 2575 864 sunt

375 922 379 926 ·
422 922 626 987 penes
673 901 1019 967 Oiofanum
1069 911 1132 966 et
1179 903 1520 967 Heinsium
1565 903 1714 968 Am.
1746 902 1835 968 lll.
1871 903 2002 968 505
2033 927 2098 990 p.
2134 903 2284 968 691.
2331 905 2573 992 Demp-

421 1015 665 1070 sterum
713 1007 1057 1073 Claudian.
1091 1010 1238 1073 Ruf.
1273 1009 1338 1072 ll.
1389 1009 1516 1073 249
1565 1034 1628 1096 p.
1679 1009 1765 1073 85
1813 1033 1906 1096 sq.
1980 1009 2276 1074 Cortium
2322 1010 2568 1074 Lucan.

419 1111 483 1176 ll.
511 1113 598 1177 62
626 1136 690 1201 p.
724 1113 849 1177 194
895 1123 960 1178 et
996 1114 1096 1179 Vl.
1126 1115 1251 1179 768
1299 1139 1363 1203 p.
1405 1117 1549 1181 131.
1601 1116 2048 1180 Burmannum
2082 1115 2340 1180 Lotich.
2372 1115 2566 1201 Eleg.
2636 1105 2642 1110 ⁸

419 1216 484 1282 ll.
529 1218 590 1301 9,
642 1218 736 1285 71·
782 1243 846 1305 p.
895 1219 1040 1283 140.
1102 1219 1233 1284 680
1289 1229 1354 1284 et
1411 1220 1609 1284 Anth.
1659 1221 1808 1284 Lat.
1857 1220 1947 1285 lll.
1998 1221 2147 1302 277,
2208 1221 2249 1285 5
2298 1245 2361 1308 p.
2407 1223 2567 1306 6913

421 1325 474 1388 si
523 1325 666 1412 quis
716 1334 935 1389 autem
983 1325 1182 1389 ullum
1233 1349 1517 1391 errorem
1571 1349 1711 1390 esse
1760 1334 2031 1409 tantum,
2061 1323 2369 1414 quantam
2404 1349 2569 1415 quac

407 1432 546 1518 jam
595 1455 636 1495 a
681 1453 748 1496 se
798 1430 1126 1513 subeatur,
1170 1453 1468 1517 poenam,
1503 1441 1767 1519 poeta-m
1813 1432 2097 1496 voluerit
2141 1454 2385 1518 negare
2435 1432 2569 1500 his:

421 1537 564 1624 quis
635 1559 835 1620 error,
911 1537 1153 1618 Quam
1223 1536 1478 1620 luimus,
1549 1542 1874 1602 tantus“
1949 1538 2251 1602 nimirum
2318 1561 2569 1604 memor

423 1643 742 1708 Gronovii
787 1642 1002 1707 Diatr.
1038 1667 1116 1730 p.
1151 1642 1302 1707 564.
1371 1643 1735 1710 Burmanni
1786 1641 2166 1726 Quintilian.
2214 1644 2270 1708 Ι.
2317 1667 2381 1732 Ρ.
2416 1647 2457 1709 2
2504 1654 2571 1709 et

419 1749 666 1813 Lucan.
698 1747 810 1812 lX.
849 1747 976 1812 766
1018 1772 1080 1835 Ρ.
1118 1747 1268 1812 666.
1340 1749 1720 1814 Marklandi
1752 1748 1911 1816 Silv.
1944 1751 2027 1814 V.
2062 1752 2124 1832 3,
2158 1751 2283 1815 211
2319 1773 2384 1838 Ρ.
2416 1751 2567 1816 396.

413 1852 797 1931 Βιώῃκθηίί
829 1838 1091 1919 Terent.
1125 1855 1368 1942 Hecyr.
1413 1854 1502 1922 lll.
1549 1856 1612 1939 4,
1658 1859 1698 1922 3
1745 1880 1809 1944 p.
1853 1857 2001 1921 223.
2036 1858 2315 1944 interpp.
2361 1857 2569 1921 Tacit.

426 1958 507 2023 de
568 1958 752 2024 Orat.
809 1960 848 2024 6
905 1984 971 2048 Ρ.
1031 1960 1185 2026 351.
1231 1962 1403 2049 Rup.
1461 1962 1612 2026 add.
1670 1962 1971 2051 SymPOS.
2015 1961 2319 2048 Aenigm.
2362 1961 2468 2046 51,
2517 1963 2571 2026 is

423 2065 772 2132 audaciora
842 2089 1035 2153 quam
1092 2066 1535 2155 probabiliora
1591 2067 1808 2134 moliri
1862 2068 2196 2134 videbitur
2254 2069 2569 2134 omnibus

1376 2271 1446 2345 V.
1492 2271 1585 2344 10.

592 2384 789 2448 Hunc
848 2383 1062 2448 locum
1123 2393 1374 2450 tantum
1445 2386 1653 2451 abfuit
1722 2394 1794 2449 ut
1860 2385 2276 2450 librariorum
2346 2367 2601 2471 aliqua²

420 2489 648 2554 fraude
701 2489 1132 2576 depravatum
1180 2493 1519 2579 quisquam
1570 2491 1835 2574 diceret,
1894 2500 1968 2554 ut
2026 2498 2268 2554 sartum
2324 2499 2567 2554 tectum

423 2595 694 2660 haberet
741 2595 936 2660 turba
1004 2597 1200 2660 tacite
1263 2599 1829 2661 consentientium.
1926 2597 2367 2679 Quamobrem
2435 2595 2569 2660 lau-

426 2700 680 2765 dandus
739 2709 916 2764 certe
964 2700 1296 2784 Barth-ius,
1345 2703 1520 2790 quod
1569 2701 1940 2790 explicandi
1998 2701 2353 2790 periculum
2412 2703 2569 2766 fecit

418 2805 593 2871 Adv.
627 2805 784 2870 Xlll.
821 2807 906 2870 10
950 2831 1014 2893 p.
1052 2807 1177 2872 728
1213 2831 1344 2895 sq.z
1403 2793 1625 2891 ,⁹,Non,
1686 2809 1796 2890 ait,
1854 2831 2067 2896 neque
2125 2817 2363 2873 natura
2411 2809 2569 2872 mihi

378 2913 588 2977 filius
645 2921 786 2977 erat
841 2935 1053 3001 neque
1114 2912 1466 3000 adoptione
1523 2936 1646 2978 nec
1694 2914 1859 2978 adeo
1906 2937 2010 2978 me
2056 2914 2387 2980 referebat
2434 2937 2566 2996 ore,

419 3026 493 3082 ut
537 3018 853 3106 parvulus
899 3018 1132 3106 aliquis
1177 3016 1468 3105 Aeneas3
1518 3021 1681 3084 cedo
1731 3043 1885 3084 sane
1934 3043 2066 3085 non
2113 3021 2346 3084 fuerim
2393 3021 2571 3105 geni-

416 3135 540 3206 tor,
599 3125 716 3189 sed
764 3126 1008 3189 cernite
1055 3147 1176 3190 vos
1220 3124 1540 3208 lacrimaS,
1599 3148 1804 3212 genas
1860 3125 2139 3191 liventes
2199 3135 2265 3190 et
2322 3111 2592 3190 credite

417 3229 807 3318 planctibus,
841 3253 1193 3318 numquam
1231 3233 1465 3320 majori
1513 3230 1737 3297 dolore
1786 3231 1867 3297 ab
1918 3231 2135 3320 aliquo
2186 3232 2345 3297 orbo
2394 3232 2571 3297 audi-

415 3339 520 3402 tis.
602 3335 821 3402 Orbus
879 3359 1003 3423 ego
1060 3359 1313 3402 revera.
1403 3337 1590 3402 Haec
1647 3339 1937 3423 genuina
1994 3339 2322 3402 sententia
2379 3337 2569 3426 hujus

419 3443 694 3532 periodi.
773 3443 1093 3508 Fuerim
1135 3445 1327 3526 enim,
1377 3467 1507 3508 non
1553 3445 1839 3508 fueram
1870 3465 2033 3508 vera
2080 3444 2404 3530 scriptura
2449 3454 2568 3526 est,

419 3530 651 3636 quam·
681 3549 893 3632 docet,
965 3572 1112 3613 cum
1180 3548 1444 3636 planctu
1515 3573 1584 3614 se
1658 3551 1887 3616 orbum
1957 3571 2273 3636 aequasse
2346 3550 2569 3614 dicit.“

421 3657 834 3743 Quamquam
911 3655 1086 3719 idem
1167 3678 1355 3720 suum
1433 3657 1770 3721 inventum
1849 3657 1944 3720 ita
2014 3656 2423 3743 contempsit,
2495 3665 2569 3718 ut

417 3763 646 3829 ederet
692 3761 856 3826 Stat.
903 3785 966 3849 p.
1016 3761 1140 3825 117
1189 3762 1266 3826 Τ.
1309 3761 1371 3826 I:
1441 3784 1627 3845 „non
1684 3761 1971 3826 fueram
2028 3763 2353 3846 genitor.“
2428 3759 2567 3825 Nec

419 3868 792 3934 Gronovius
848 3868 1061 3932 Diatr.
1106 3892 1170 3956 p.
1215 3867 1346 3934 523
1401 3891 1536 3934 non
1595 3868 1985 3955 contempsit
2040 3889 2117 3931 ac
2164 3866 2565 3954 reprobavit.

417 3974 598 4057 Quid
629 3974 838 4040 vero?
871 3976 983 4062 qui
1017 3974 1289 4040 vocibus
1322 3972 1415 4038 de
1451 3975 1705 4061 stirpe
1740 3995 1905 4057 eum,
1956 3975 2067 4061 qui
2113 3981 2354 4039 natura
2396 3973 2567 4038 filius

416 4082 519 4163 sit,
581 4080 914 4166 designari
972 4079 1134 4163 vult,
1209 4081 1262 4143 is
1321 4102 1535 4144 nonne
1600 4079 1821 4145 vultus
1876 4081 2363 4146 similitudinem
2411 4103 2566 4146 vere

415 4188 626 4274 repeti
683 4188 910 4252 statuit
969 4186 1051 4251 ab
1118 4185 1520 4273 adoptione?
1589 4185 1763 4250 hunc
1820 4189 1991 4252 enim
2050 4179 2372 4251 cernimus
2431 4211 2569 4252 sen·

415 4287 764 4358 tentia-rum
838 4292 1158 4358 ordinem:
1239 4292 1441 4372 „Non
1509 4292 1590 4356 de
1662 4294 1864 4380 stirpe
1934 4295 2193 4380 quidem
2265 4316 2387 4356 nec
2456 4296 2566 4379 qui

413 4422 579 4464 mea
655 4400 978 4466 nomina
1057 4399 1317 4463 ferret
1396 4398 1852 4487 Oraque.“
1944 4401 2077 4467 Sed
2153 4401 2406 4466 mittam
2485 4399 2564 4463 de
