3234 4967
1322 368 1545 422 Adnol.
1580 369 1680 423 84.
2448 364 2558 431 141

414 574 583 639 Vm.
619 572 775 638 712:
822 572 1463 659 Pandentemque
1510 572 1742 638 sinus
1775 570 2056 661 (Nilum)
2104 580 2172 637 et
2203 578 2348 637 tota
2375 578 2562 637 veste

414 686 757 745 vocantem
818 676 1213 745 Caeruleum
1269 678 1339 741 in
1398 678 1720 763 gremium
1779 675 2240 763 latebrosaque
2299 675 2570 741 flumina

415 786 677 849 victos“
747 791 815 847 et
882 805 1073 871 quem
1144 782 1485 851 contendit
1540 779 2038 870 Peerlkampius
2096 805 2166 869 Ρ.
2215 780 2364 865 151,
2411 780 2566 849 Sen.

415 890 617 977 Hipp.
683 890 888 955 11893
958 888 1019 956 Ο
1088 912 1265 957 mors
1326 927 1415 939 --
1476 888 1907 975 Confugimus
1979 887 2066 954 ad
2133 901 2228 955 te:
2298 888 2568 976 pande

414 995 707 1085 placatos
776 996 1017 1061 sinus.
1038 1001 1078 1036 “
1182 995 1361 1063 Add.
1422 995 1676 1064 Auson.
1737 994 1908 1061 Mos.
1978 994 2140 1061 4183
2209 994 2568 1061 Caeruleos

414 1124 607 1186 nunc,
654 1101 903 1185 Rhene,
952 1102 1177 1167 sinus
1219 1100 1547 1189 hyaloque
1579 1102 1906 1169 virentem
1937 1086 2206 1167 Pande
2237 1098 2572 1188 peplum.“

416 1208 581 1274 Stat.
626 1205 796 1273 Ach.
852 1207 909 1273 I.
977 1207 1135 1273 1013
1184 1206 1606 1273 connubialia
1649 1206 2012 1296 pandunt
2055 1204 2271 1272 Antra
2329 1208 2572 1281 sinus,

416 1314 651 1379 Avien.
700 1311 783 1379 Ο.
831 1312 925 1379 Μ.
975 1312 1145 1395 ,2063
1208 1313 1606 1401 panditur
1661 1336 1886 1380 rursus
1943 1313 2157 1381 sinus
2221 1312 2570 1403 Oavusque

416 1442 645 1508 cespes
688 1420 759 1483 in
804 1417 1147 1484 meridiem
1198 1428 1401 1506 patet.
1446 1419 1599 1485 Seu.
1634 1418 1782 1486 Oct.
1832 1418 1994 1488 235:
2041 1420 2309 1507 Stygios
2356 1420 2572 1487 sinus

416 1524 679 1592 Tellure
737 1536 933 1613 rupta
992 1524 1211 1612 pand
1229 1546 1286 1590 e.
1348 1525 1509 1591 404:
1566 1526 1713 1613 ipsa
1765 1523 1960 1591 tellus
1989 1572 1993 1577 -
2021 1523 2200 1591 laeta
2254 1526 2572 1593 fecundos

418 1633 640 1697 sinus
687 1630 1107 1697 Pandebat
1136 1629 1334 1697 ultro.
1371 1628 1708 1697 Columell.
1745 1630 1832 1697 X.
1881 1630 2039 1699 1573
2065 1632 2350 1700 sinum
2379 1630 2572 1697 tellus

406 1740 547 1826 jam
592 1736 808 1826 pand
825 1760 859 1802 e
884 1746 934 1802 t.

593 1843 905 1931 Denique
969 1866 1217 1930 genas
1275 1852 1454 1910 recte
1504 1844 1637 1909 dici
1683 1866 1769 1911 ex
1811 1844 1893 1909 iis
1938 1843 2343 1932 intelligitur,
2405 1867 2572 1933 quae

418 1959 975 2038 exprompserunt
1022 1949 1335 2017 Barthius
1364 1949 1540 2017 Adv.
1585 1949 1630 2015 l.
1663 1950 1727 2016 d.
1773 1974 1840 2039 p.
1892 1950 2016 2015 767
2065 1961 2132 2018 et
2175 1949 2572 2021 Animadvv.

418 2080 463 2145 Ρ
530 2056 683 2121 510.
724 2054 919 2146 (add.
966 2055 1175 2124 Theb.
1223 2058 1301 2123 Π.
1348 2056 1509 2123 3553
1572 2056 1797 2125 oscula
1839 2059 2106 2123 moestis
2153 2057 2576 2147 Tempestiva

419 2163 643 2248 genis
673 2163 894 2250 posuit
923 2161 1351 2252 lacrimasque
1382 2162 1727 2253 repressit)
1774 2172 1842 2229 et
1869 2164 2344 2252 Hertzbergius
2375 2165 2573 2254 Prop.

418 2268 523 2335 ΙΙΙ.
574 2268 677 2351 12,
738 2267 823 2333 26
883 2291 949 2356 p.
1009 2269 1161 2354 317,
1221 2277 1611 2335 natantes
1671 2278 1890 2335 autem
1951 2269 2024 2359 (a
2079 2292 2210 2359 quo
2271 2271 2446 2359 quod
2503 2274 2574 2339 in

417 2370 601 2439 libris
667 2382 1004 2462 repertum
1083 2372 1443 2442 attulerunt
1510 2374 1840 2441 Domitius
1911 2384 1978 2441 et
2043 2376 2573 2464 Lindenhrogius

418 2482 727 2549 uitantes
782 2504 917 2548 non
974 2479 1239 2568 longius
1298 2482 1520 2565 distat,
1560 2504 1774 2571 -quem
1833 2482 2008 2573 quod
2051 2484 2121 2549 in
2167 2484 2355 2571 Virg.
2401 2484 2574 2551 Aen.

419 2588 501 2654 V.
550 2588 681 2653 856
738 2587 1061 2675 praebent
1118 2586 1381 2655 codices
1445 2586 1645 2655 Goth.
1709 2610 1840 2655 sec.
1886 2596 1956 2655 et
1999 2588 2182 2655 Cort.
2229 2592 2570 2659 nutantia.

421 2692 571 2759 add.
617 2693 843 2759 Burm.
892 2694 1270 2761 Nemesian-
1322 2694 1489 2783 Cyn.
1544 2695 1674 2760 170
1715 2718 1784 2783 Ρ.
1831 2695 1982 2761 399.
2033 2694 2302 2786 Coripp.
2349 2696 2457 2764 Jo.
2488 2697 2572 2764 V.

426 2799 545 2864 163
628 2796 957 2890 Solverat?
1009 2800 1217 2867 effuso
1291 2801 1672 2867 nutantia
1745 2798 1990 2867 lumina
2023 2820 2271 2869 ‘cornu
2345 2802 2574 2869 Noctis

425 2905 635 2971 amica
680 2906 887 2995 quies.
1003 2904 1276 2989 Quintil.
1324 2905 1513 2973 Decl.
1561 2906 1652 2973 X.
1698 2907 1743 2971 4
1785 2930 1852 2995 Ρ.
1897 2906 2058 2977 2163
2093 2918 2254 2974 -nut
2270 2910 2572 2976 antium

421 3012 640 3099 fulgor
700 3020 1037 3078 extremus
1084 3012 1485 3100 vanescebat
1531 3011 1885 3097 oculorum.
1974 3012 2212 3080 Almel.
2258 3016 2609 3083 nietam·

421 3120 606 3184 tium.
641 3118 853 3187 Gebh.
902 3128 969 3186 et
997 3120 1229 3188 Barth.
1260 3119 1303 3186 l.
1335 3120 1509 3187 infra
1540 3120 1747 3205 affer„
1793 3119 1865 3186 id
1911 3120 2090 3209 quod
2134 3121 2368 3191 fefellit
2409 3124 2573 3199 Bur-

422 3245 750 3310 mannum,
795 3228 1215 3293 natantium
1262 3226 1343 3293 cf.
1376 3225 1664 3297 Martial.
1695 3226 1745 3291 I.
1779 3227 1886 3311 88,
1931 3229 1974 3295 3
2005 3230 2348 3295 nutantia.
2379 3228 2570 3297 Leid.

423 3316 792 3398 micantia.
842 3331 1147 3402 Gulielm.
1176 3332 1345 3399 Brit.
1378 3332 1494 3400 XI.
1542 3332 1674 3399 398
1720 3334 2006 3399 victoria
2046 3335 2310 3401 micat.
2342 3334 2572 3403 Barth.

423 3457 487 3521 Ρ.
538 3435 667 3501 702
718 3436 1005 3525 .nutat):
1062 3447 1458 3505 nutantes
1513 3440 1718 3525 igitur
1773 3462 2022 3527 genas
2065 3441 2137 3507 id
2182 3450 2284 3509 est
2333 3440 2574 3527 „dubi-

422 3550 640 3607 tantes
706 3540 823 3628 figi
840 3547 880 3582 “
946 3544 1087 3611 sive
1160 3553 1453 3611 errantes
1512 3543 1771 3633 (Barth.
1833 3540 2042 3613 Theb.
2100 3546 2271 3615 V111.
2321 3546 2448 3613 756
2504 3571 2572 3636 Ρ.

424 3648 555 3713 939
600 3647 684 3715 cf.
730 3649 807 3717 Π.
858 3649 987 3716 638
1039 3672 1105 3737 Ρ.
1164 3649 1347 3740 584),
1418 3650 1672 3718 incerto
1729 3653 1868 3741 jam
1935 3662 2117 3719 motu
2183 3652 2572 3721 fluctuantes

421 3777 555 3821 non
602 3753 811 3823 solum
855 3756 1290 3842 morientium,
1336 3765 1417 3823 ut·
1439 3756 1755 3824 Barthius
1801 3760 1894 3824 ait
1939 3758 2146 3825 Theb.
2179 3760 2296 3825 Xl.
2329 3760 2458 3826 558
2504 3786 2570 3850 Ρ.

428 3862 603 3927 1390
670 3872 738 3928 et
804 3864 873 3947 ii,
944 3886 1121 3953 quos·
1176 3866 1714 3932 commemoravit
1773 3864 2204 3931 Ruhnkenius
2261 3864 2571 3935 Albinum

422 3966 612 4054 Eleg.
679 3968 767 4035 >93
834 3992 900 4056 p.
979 3971 1101 4035 121
1166 3968 1319 4035 add.
1381 3968 1580 4038 Ovid.
1641 3971 1803 4037 Met.
1864 3971 1948 4037 V.
2012 3971 2117 4056 71,
2187 3971 2304 4037 sed
2373 3975 2571 4039 etiam

422 4095 649 4139 eorum
696 4096 861 4159 esse,
910 4096 1185 4163 quorum
1231 4074 1587 4163 palpebrae
1633 4100 1864 4144 somno
1911 4079 2325 4163 conniveant,
2372 4080 2573 4146 Hein-

422 4180 557 4245 sius
614 4182 681 4245 in
736 4180 863 4249 hoc
922 4204 1179 4271 quoque
1236 4182 1383 4249 loco
1430 4182 1826 4251 Marklando
1887 4184 2189 4251 eubtilior
2235 4186 2459 4252 docuit
2503 4210 2569 4276 p.

423 4285 550 4350 597
615 4285 815 4356 allato
861 4287 1126 4375 Virgilii
1172 4310 1369 4355 versu
1413 4289 1587 4355 Aen.
1633 4290 1716 4357 V.
1765 4289 1927 4357 8563
1987 4292 2389 4379 luctantique
2443 4316 2573 4359 na-

424 4393 699 4473 tantia,
735 4392 983 4464 lumina.
1028 4393 1289 4473 solvit.“
1368 4395 1672 4479 Accedit,
1717 4396 1892 4483 quod
1939 4396 2268 4464 ebriorum
2315 4419 2572 4487 quoque
