3234 4967
18 4665 22 4679 -
16 4595 27 4649 -nnn
15 4524 25 4577 *u*
16 4512 18 4515 *
15 4423 25 4503 ππ...
15 3822 27 4406 ι-Ὓν-Τ-ν-ι--Μ--ᾑ-ψ-ψ
15 3798 18 3813 r*
15 3786 17 3789 ’
15 3760 18 3777 ‘-
15 3734 27 3751 ν
16 3720 18 3727 ss
15 3586 18 3651 -<’-
15 3500 19 3579 --“·
15 3428 21 3443 ν
15 3360 17 3371 ἡ
15 3346 17 3353 -
15 3324 17 3337 -

536 337 669 443 ,184
1413 367 1708 431 conject.
1745 367 1870 420 VII.

562 552 711 603 quem
747 544 953 605 praeter
988 538 1119 587 alios
1156 537 1399 588 Heinsius
1436 536 1708 588 claudian.
1745 538 1920 602 Epitb.
1961 524 2095 589 Pau.
2135 540 2199 589 28
2237 538 2512 607 ρ.528,ειὶο
2547 538 2710 603 scrip-

562 632 668 675 tum
707 625 927 673 retinere
964 624 1160 683 maluit,
1198 638 1348 686 quam
1386 624 1530 687 sequi
1570 638 1658 673 eos
1697 624 1878 683 libros,
1923 624 1975 671 in
2015 624 2198 686 quibus
2235 635 2314 673 est
2360 638 2476 673 nec
2521 623 2710 672 lecta.

563 709 717 769 Quod
753 708 997 757 Bar-thius
1049 724 1153 758 non
1193 709 1319 757 vidit
1364 708 1515 758 solito
1561 708 1885 757 librariorum
1930 723 2102 757 errore
2150 705 2343 771 (Burm.
2382 708 2502 758 Val.
2539 708 2710 761 Flacc.

562 795 662 847 111.
700 798 729 844 5
768 811 815 859 p.
855 794 954 844 233
1003 802 1055 842 et
1100 792 1273 843 Heius.
1315 794 1409 845 VI.
1449 794 1547 845 559
1585 810 1635 857 p.
1675 794 1788 843 557.
1871 792 2012 843 Cort.
2057 792 2250 846 Lucan.
2289 793 2333 842 Ι.
2371 794 2471 843 603
2507 809 2557 858 p.
2597 795 2709 844 159.

562 881 726 932 Drak.
766 878 860 929 Sil.
897 879 1049 929 XIV.
1086 882 1187 929 409
1224 896 1273 945 p.
1313 881 1406 929 721
1450 886 1502 927 et
1537 879 1650 927 Liv.
1687 878 1756 927 X.
1793 880 1874 937 21,
1907 875 1939 927 6
1977 895 2025 943 p.
2055 880 2173 942 157)
2213 880 2459 928 detortum
2497 890 2609 929 esse
2645 876 2710 929 ab

565 978 643 1025 εσ,
684 966 822 1029 quod
847 967 1025 1013 tenent
1048 964 1165 1014 libri
1192 965 1344 1024 Dan„
1380 964 1739 1027 Frisingensis‚
1777 964 2131 1013 Monacensis:
2170 979 2264 1013 nec
2289 960 2458 1014 laeta
2485 965 2711 1015 comam“

565 1050 728 1101 simile
766 1050 975 1099 Lucano
1012 1049 1107 1099 IX.
1146 1050 1269 1100 917:
1308 1050 1556 1111 „tamarix
1594 1064 1700 1097 non
1736 1050 1915 1097 laeta
1951 1064 2162 1100 comas
2201 1046 2400 1113 (comis
2435 1050 2610 1099 Burm.
2647 1050 2711 1103 cf.

567 1135 716 1199 Virg.
754 1135 883 1184 Aen.
923 1134 1046 1184 VII.
1086 1136 1175 1184 60:
1212 1135 1421 1196 „laurus
1460 1160 1523 1169 -
1560 1149 1747 1183 sacra
1785 1136 2068 1184 comam.“
2129 1134 2301 1185 Heius.
2329 1134 2598 1188 Claudian.
2626 1135 2710 1184 Pr.

566 1220 719 1293 Cous.
756 1218 871 1269 Stil.
908 1219 978 1268 11.
1022 1221 1117 1271 135
1155 1236 1201 1284 p.
1241 1208 1359 1269 3861
1431 1220 1568 1271 Cort.
1610 1218 1807 1267 Lucan.
1847 1218 1941 1267 IV.
1987 1220 2086 1269 726
2124 1236 2170 1283 p.
2211 1220 2326 1279 542,
2363 1235 2426 1269 ne
2462 1222 2524 1270 de
2547 1219 2710 1269 Statio

565 1314 970 1364 commemorem,
1008 1305 1093 1368 qui
1132 1312 1187 1355 et
1222 1304 1459 1353 blanda
1493 1319 1683 1369 genas
1721 1303 1884 1353 Theb.
1920 1303 2016 1353 IX.
2058 1306 2169 1358 155.
2207 1304 2330 1353 X11.
2369 1306 2485 1365 534,
2523 1313 2710 1353 torva

564 1406 743 1455 genas
792 1390 983 1444 Achill.
1020 1390 1061 1443 I.
1101 1391 1197 1440 351
1248 1390 1419 1453 posuit
1464 1397 1516 1437 et
1556 1389 1722 1441 Theb.
1759 1389 1831 1441 11,
1870 1390 1968 1438 238
2015 1397 2199 1439 torva
2243 1374 2494 1453 genis“)
2541 1389 2604 1439 cf.
2639 1388 2710 1437 X.

566 1478 693 1527 304:
728 1476 902 1525 Meroe
939 1478 1003 1511 -'-
1042 1475 1239 1525 Laeta
1274 1475 1467 1524 comis
1505 1475 1701 1533 ebeni‚“
1739 1475 1790 1524 in
1828 1477 2149 1538 eandemque
2184 1483 2380 1539 partem
2409 1475 2621 1533 dictum,
2656 1474 2708 1522 in

567 1578 669 1627 qua
713 1562 851 1627 ipsas
904 1574 1108 1611 comas
1155 1568 1439 1609 moestas
1485 1560 1722 1624 usurpari
1770 1562 1942 1611 docuit
1974 1560 2219 1609 Heinsius
2255 1559 2404 1629 Yirg.
2444 1559 2578 1608 Aen.
2616 1556 2712 1608 XI.

566 1646 631 1698 35
667 1662 717 1711 p.
754 1648 853 1697 597
891 1653 941 1695 et
978 1644 1247 1695 Claudian.
1292 1646 1349 1694 Β.
1388 1644 1527 1695 Gild.
1565 1646 1666 1695 408
1703 1661 1753 1709 p.
1785 1646 1882 1694 232
1935 1644 2000 1694 cf.
2038 1644 2158 1696 Sen.
2199 1645 2320 1694 Tro,
2363 1645 2443 1696 85.
2503 1642 2578 1693 Ut
2629 1644 2712 1693 hic

564 1733 795 1781 videatur
847 1746 957 1781 esse
1012 1730 1278 1780 verborum
1326 1730 1477 1781 ordo:
1534 1731 1764 1794 quamvis
1819 1731 1901 1802 ab·
1939 1730 2092 1779 ubere
2150 1728 2399 1795 Opheltes
2451 1730 2710 1794 dependet

568 1814 683 1880 (nec
718 1816 854 1865 laeta
896 1830 1093 1867 comam
1130 1815 1221 1864 illa
1258 1822 1335 1865 est
1372 1830 1469 1863 nec
1506 1817 1645 1865 dives
1683 1816 1924 1877 amictu),
1963 1815 2165 1879 regales
2201 1822 2370 1865 tamen
2408 1830 2498 1865 ore
2531 1822 2714 1865 notae:

1280 1901 1356 1950 illi
1394 1901 1625 1965 quamvis
1663 1910 1713 1949 et
1748 1902 1812 1950 ab
1849 1902 2002 1950 ubere
2040 1899 2289 1965 Opheltes

940 1986 1217 2050 Dependet
1253 1984 1369 2047 (nec
1406 1986 1543 2035 laeta
1579 2000 1776 2037 comam
1813 2000 1904 2035 ne:
1943 1988 2085 2035 dives
2123 1983 2349 2049 amictu),

940 2070 1163 2135 Regales
1202 2078 1369 2121 tamen
1405 2086 1493 2121 ore
1526 2078 1678 2121 notae
1715 2086 1807 2121 nec
1845 2086 2042 2121 mersus
2077 2071 2272 2120 acerbis

943 2155 1103 2205 Extat
1137 2157 1320 2207 honos.

570 2243 719 2304 Quae
768 2244 948 2293 eadem
996 2244 1243 2291 orationis
1288 2240 1454 2291 forma
1498 2244 1720 2292 cernitur
1761 2244 1922 2293 Theb.
1961 2242 2058 2291 111.
2097 2245 2196 2293 202
2235 2240 2485 2305 (Conject.
2522 2240 2714 2305 xlm:

570 2330 677 2390 tibi,
714 2328 883 2388 Delia,
921 2339 1087 2377 castos
1124 2328 1426 2392 Prolapsuni
1464 2330 1526 2376 ad
1576 2326 1745 2379 fontes
1800 2328 2070 2393 (specula
2121 2328 2290 2377 haud
2343 2328 2716 2377 temeranda

510 2406 517 2411 ’
569 2413 875 2479 profana)
912 2412 1030 2462 Heu
1066 2414 1323 2463 dominum
1360 2414 1527 2462 insani
1560 2428 1663 2463 non
1689 2428 1948 2477 agnovere
1967 2414 2248 2476 Molossi;“
2285 2428 2464 2464 vocum
2502 2428 2716 2477 quam-

571 2586 832 2649 quomodo
868 2591 1101 2634 notatum
1138 2582 1292 2633 suerit
1328 2598 1583 2648 quamque
1623 2584 1914 2649 frequenter
1950 2599 2062 2633 cum
2101 2598 2226 2637 voce
2261 2585 2315 2633 ei
2353 2592 2714 2633 commutatum

569 2650 625 2703 in
663 2653 917 2703 Lactantii
957 2652 1323 2701 commentariis
1360 2654 1620 2716 copiosius
1657 2648 2010 2712 edisseremuS‚
2049 2668 2182 2702 nunc
2218 2654 2336 2703 satis
2376 2660 2453 2701 est
2488 2653 2715 2702 iudicare

568 2723 698 2773 locis
735 2721 933 2769 Manilii
971 2720 1011 2769 1.
1050 2722 1172 2770 285:
1212 2722 1437 2784 corporis
1472 2718 1608 2782 ej‘us
1649 2722 1798 2773 Voss,
1838 2722 1894 2769 ei
1931 2721 2071 2784 Lips.
2094 2719 2292 2771 Gembl.
2318 2718 2440 2770 Cus.
2464 2720 2594 2770 Livii
2621 2719 2715 2768 IX.

570 2793 653 2849 41,
691 2791 724 2839 4
762 2790 897 2851 ejus
935 2803 1155 2852 pugnae.
1194 2786 1330 2841 Flor.
1371 2790 1442 2840 ei.
1480 2789 1597 2841 Val.
1641 2790 1854 2838 Maxim.
1894 2788 1964 2837 11.
2004 2790 2051 2848 6,
2081 2791 2142 2839 15
2181 2791 2281 2837 cui
2318 2789 2524 2851 gloriae.
2566 2790 2713 2840 codd.

572 2858 773 2921 eujus.
814 2857 879 2909 V.
918 2858 965 2917 6,
1000 2859 1047 2907 4.
1085 2856 1217 2906 Oud.
1259 2858 1415 2921 Apul.
1456 2857 1581 2908 Met.
1620 2858 1685 2909 11.
1726 2874 1774 2922 p.
1805 2860 1917 2910 107.
1955 2858 2073 2907 Jan.
2111 2857 2342 2905 Macrob.
2379 2856 2550 2907 Somn.
2586 2858 2628 2907 Ι.
2668 2858 2716 2916 2,

577 2929 637 2978 16
674 2944 727 2991 p.
752 2928 833 2975 22.
872 2924 1031 2989 Seyff.
1070 2924 1177 2975 Cic.
1216 2925 1371 2974 Tusc.
1411 2924 1480 2976 ΙΙ.
1521 2928 1601 2985 18,
1639 2928 1704 2976 42
1745 2942 1792 2989 p.
1832 2927 1914 2977 49.
1987 2927 2090 2977 Sin.
2130 2925 2226 2973 IX.
2265 2928 2294 2975 5
2333 2941 2379 2989 p.
2419 2924 2562 2989 216),
2598 2927 2716 2975 inde

572 3012 635 3045 ea
671 2995 977 3052 temeritate,
1025 3009 1125 3057 qua
1160 2988 1215 3041 in
1253 2993 1365 3043 aliis
1402 2995 1529 3043 locis
1566 3008 1750 3044 arces
1786 2994 1840 3043 in
1877 3009 2041 3054 aras,
2085 2994 2252 3043 vices
2287 2995 2341 3043 in
2387 2994 2511 3043 vias
2559 3002 2718 3043 verte·

572 3071 769 3122 terunt,
814 3064 1012 3111 litteras
1049 3076 1115 3110 ce
1154 3062 1427 3111 conflando
1468 3071 1746 3112 exararunt
1780 3064 1918 3111 istud
1956 3071 2162 3126 atque.
2236 3061 2374 3122 Quid
2411 3070 2575 3111 autem
2612 3077 2715 3110 non

573 3134 725 3183 modo
762 3131 1121 3193 incorruptius,
1159 3131 1247 3179 sed
1284 3132 1448 3193 aptius
1486 3132 1550 3179 ad
1587 3132 1898 3179 reddendam
1931 3144 2042 3179 eam
2069 3132 2392 3191 sententiam,
2433 3146 2583 3194 quam
2609 3145 2716 3179 om-

571 3201 695 3249 nino
732 3199 923 3263 requiri
959 3199 1092 3247 docti
1130 3198 1299 3261 ajunt,
1339 3199 1599 3261 ipsiusque
1637 3199 1977 3264 Peerlkampii
2029 3196 2086 3260 (a
2123 3214 2224 3263 quo
2274 3198 2442 3248 afferri
2489 3199 2718 3262 oportuit

572 3268 933 3317 Nemesianum
974 3265 1034 3314 L.
1072 3266 1221 3315 Herc.
1260 3268 1385 3317 123:
1431 3266 1777 3331 „flammisque
1822 3267 2100 3317 furentibus
2146 3268 2325 3317 ardet
2361 3264 2717 3332 Spiritus“)

574 3336 836 3401 exemplo:
873 3336 1026 3384 arde
1043 3338 1238 3397 atque
1276 3337 1690 3394 commendatius,
1730 3352 1882 3401 quam
1917 3336 2044 3387 hoc:

1355 3404 1585 3468 quamvis
1621 3403 1804 3454 furiale
1842 3413 2044 3454 centum

1118 3471 1359 3521 Muniant
1394 3488 1583 3537 angues
1621 3476 1778 3537 caput
1815 3474 2172 3536 eminetque

1120 3540 1339 3604 Spiritus
1376 3542 1538 3591 teter?

574 3608 820 3660 Similiter
854 3608 984 3659 enim
1024 3616 1077 3657 et
1112 3624 1217 3658 aer
1253 3610 1523 3659 emicare
1562 3610 1748 3659 dicitur
1783 3608 1931 3659 Ovid.
1971 3610 2094 3659 Met.
2132 3608 2253 3660 XV.
2293 3610 2390 3659 248
2434 3618 2485 3659 et
2521 3624 2719 3674 sonus

575 3679 696 3730 Seu.
747 3676 875 3727 Oed.
925 3679 1023 3727 232
1070 3684 1121 3726 et
1174 3678 1412 3726 flumen
1458 3676 1724 3727 Claudian.
1771 3678 1846 3731 Id.
1886 3678 1980 3727 VI.
2019 3680 2097 3730 88.
2171 3678 2286 3727 Liv.
2321 3677 2516 3727 XLIV.
2554 3678 2618 3727 33
2657 3677 2718 3730 cf.

577 3745 720 3797 Cort.
760 3746 953 3795 Lucan.
994 3746 1093 3796 111.
1132 3748 1229 3796 638
1266 3762 1317 3811 p.
1355 3748 1457 3796 410
1502 3763 1561 3796 ac
1610 3747 1874 3795 luminis
1922 3762 2074 3795 aura
2108 3746 2251 3809 Eleg.
2299 3747 2363 3795 de
2400 3746 2597 3797 Phoen.
2634 3746 2720 3797 44.

574 3814 825 3865 flamma
868 3815 1072 3865 Ruhnk.
1118 3812 1266 3863 ovid.
1306 3815 1425 3867 Her.
1466 3814 1588 3864 XII.
1628 3816 1692 3865 38
1732 3832 1780 3877 p.
1820 3818 1900 3865 72.
1957 3814 2137 3867 Avien.
2188 3814 2331 3863 Atat.
2366 3813 2562 3877 Progn.
2602 3815 2720 3864 393.

576 3884 667 3934 Sil.
704 3882 800 3933 IX.
836 3880 965 3934 442:
1011 3881 1321 3946 „Gorgoneo
1358 3884 1459 3931 late
1496 3884 1688 3931 micat
1723 3883 1897 3947 ignis
1935 3884 1998 3931 ab
2037 3882 2182 3931 ore.“
2253 3878 2358 3936 Jul,
2399 3880 2583 3946 Obseq.
2623 3883 2720 3933 97:

574 3960 664 4012 „ut
698 3952 867 4014 iguis
904 3952 969 4000 ad
1006 3966 1062 4000 os
1100 3951 1480 3999 emicuerit“
1516 3952 1579 4001 cf.
1622 3948 1753 4003 Oud.
1799 3952 1894 3999 114
1931 3968 1979 4014 p.
2013 3952 2124 4000 177.
2180 3947 2444 4003 Arnob.1.
2470 3951 2531 3999 17
2554 3967 2600 4013 p.
2623 3952 2720 3999 132

576 4022 643 4070 e'x
680 4034 851 4069 eorum
890 4020 1163 4068 luminibus
1198 4019 1541 4069 scintillae
1580 4019 2159 4079 emicent,=flammae
2196 4026 2442 4079 aestuent,
2481 4018 2721 4067 anhelum

574 4095 755 4153 pectus
793 4087 1082 4146 spiritum
1120 4087 1357 4149 ejiciat
1393 4102 1458 4137 ex
1494 4089 1630 4139 ore.“
1687 4088 1860 4141 Barth.
1889 4086 2158 4137 Claudian.
2199 4088 2310 4137 Stil.
2349 4087 2390 4136 1.
2430 4087 2529 4136 316
2550 4103 2599 4152 p.
2621 4088 2720 4137 218

575 4154 639 4205 cf.
678 4153 770 4204 Sil.
809 4154 903 4206 111.
944 4156 1069 4204 703:
1106 4155 1416 4205 flammam
1454 4156 1815 4220 exspirare.
1857 4155 1950 4205 VI.
1995 4156 2118 4206 176:
2167 4156 2462 4219 Spiritus
2513 4170 2722 4205 erum-

575 4224 679 4289 pit.
720 4224 846 4273 219:
884 4220 1089 4287 Stygios
1127 4234 1318 4273 aestus
1356 4224 1569 4273 fumanti
1607 4225 1928 4275 exsibilat
1977 4224 2116 4273 ore.“
2189 4223 2320 4272 Voci
2366 4224 2509 4287 ejus
2555 4232 2720 4273 autem

578 4291 692 4341 aliis
730 4305 932 4355 quoque
968 4292 1021 4340 in
1058 4292 1189 4341 locis
1225 4293 1474 4341 immerito
1513 4295 1690 4343 doctos
1727 4292 1953 4343 homines
1990 4293 2281 4357 pepercisse
2319 4292 2534 4341 docendi
2573 4291 2724 4357 copia

578 4360 672 4409 erit
706 4360 761 4409 in
796 4360 1046 4409 Emendd.
1086 4360 1241 4424 Prop.
1279 4360 1321 4410 1.
1363 4362 1407 4409 1.
1448 4363 1493 4411 2.
