3234 4967
660 317 740 384 44
1567 321 1817 373 A-dnot.
1858 322 1940 372 30.

676 549 804 615 quo
871 536 1064 615 paeto
1122 525 1430 592 excludat
1492 526 1725 592 ederas
1784 549 2158 614 cupressuS,
2218 535 2433 591 utrum
2490 527 2689 592 ramis
2736 551 2817 592 an

663 633 831 699 foliis
879 632 984 698 vel
1033 655 1158 721 quo
1204 627 1330 696 alio
1374 633 1588 715 mod0‚
1644 632 1993 697 dummodo
2030 631 2359 696 excludat.
2429 633 2508 697 In
2538 633 2814 721 Epiced.

659 740 836 804 Patr.
884 763 947 803 v.
994 739 1066 802 8:
1127 739 1696 826 funestamque
1762 738 2037 804 ederis
2097 739 2475 827 irrepere
2534 748 2817 804 taxum

659 845 1017 910 Extimui
1080 843 1657 932 trepidamque
1720 843 1983 932 (nefas)
2057 866 2438 909 arescere
2501 843 2814 910 laurum

667 973 798 1016 non
832 949 1021 1016 dicit:
1056 951 1327 1015 extimui
1363 960 1588 1016 taxum
1624 951 1868 1016 ramis
1900 951 2191 1040 irrepere
2225 951 2439 1015 ederis
2474 961 2540 1016 et
2562 950 2815 1016 laurum

668 1057 910 1122 ramis
971 1077 1308 1121 arescere:
1370 1058 1612 1144 quippe
1676 1057 1887 1122 otiosa
1946 1067 2013 1120 et
2058 1055 2329 1144 puerilis
2385 1057 2559 1122 foret
2606 1080 2683 1122 ea
2728 1061 2818 1122 in·

664 1164 874 1250 gestio
934 1161 1116 1227 vocis
1164 1163 1358 1226 rami
1379 1186 1436 1245 S,
1499 1161 2049 1250 quemadmodum
2110 1163 2178 1226 in
2235 1162 2360 1227 hoc
2419 1163 2632 1228 loco.“
2708 1165 2817 1228 Ni-

661 1271 891 1336 mirum
953 1276 1174 1334 tantus
1233 1268 1336 1332 vir
1399 1289 1598 1355 quum
1660 1290 1792 1332 non
1848 1276 2223 1356 reputasset
2268 1291 2527 1336 ramos
2574 1268 2813 1334 habere

664 1374 1204 1462 significationem
1292 1376 1492 1439 vittae
1563 1375 1761 1438 ramis
1840 1373 1943 1438 vel
2012 1372 2182 1438 lauri
2256 1373 2361 1439 vel
2432 1375 2640 1440 olivae
2710 1373 2815 1438 vel

673 1481 912 1548 ederae
947 1481 1230 1568 myrtivc
1265 1479 1635 1562 obvolutae,
1670 1489 1742 1544 ut
1778 1489 1877 1544 est
1903 1481 1971 1544 in
2004 1479 2211 1544 Theb.
2243 1480 2334 1545 II.
2373 1482 2529 1545 121;
2561 1503 2817 1546 ramos

669 1611 746 1653 ac
806 1586 1124 1652 vellera
1169 1588 1371 1652 fronti
1415 1587 1768 1674 Deripuit“
1816 1584 2091 1674 aliisque
2141 1585 2435 1673 plurimis
2492 1584 2682 1669 lociS,
2733 1587 2813 1650 de

665 1693 898 1782 quibus
931 1693 1156 1758 dedita
1188 1717 1390 1782 opera
1423 1694 1872 1759 disseruerunt
1903 1693 2293 1758 Bernartius
2326 1692 2533 1758 Theb.
2566 1693 2648 1756 V.
2684 1693 2811 1756 668

667 1823 728 1887 Ρ.
774 1800 926 1864 248.
973 1800 1053 1864 Β.
1099 1798 1540 1886 Barthiusque
1585 1799 1682 1862 II.
1723 1799 1807 1864 99
1856 1823 1919 1886 p.
1956 1800 2087 1864 322
2136 1808 2201 1862 et
2246 1798 2363 1861 IV.
2400 1798 2529 1862 216
2564 1820 2629 1885 p.
2664 1796 2810 1861 975.

663 1905 792 1970 603
849 1931 912 1994 p.
967 1905 1136 1970 1163
1215 1915 1280 1968 et
1326 1905 1410 1970 V.
1457 1905 1587 1969 417
1651 1929 1713 1992 p.
1762 1905 1927 1988 297,
2000 1904 2313 1969 adversus
2390 1926 2582 1991 quem
2653 1903 2813 1967 Bur-

661 2034 935 2076 mannus
977 2011 1166 2096 Virg.
1199 2009 1368 2075 Aen.
1402 2009 1521 2075 VI.
1555 2011 1685 2076 346
1734 2033 1797 2097 p.
1836 1995 1969 2074 174
2018 2009 2460 2097 nequidquam
2500 2007 2812 2094 confligit,

669 2139 744 2181 ac
802 2115 1181 2182 Pascha-lius
1244 2115 1484 2182 Ceron.
1533 2115 1655 2180 IV.
1702 2115 1786 2179 22
1833 2141 1897 2204 p.
1944 2115 2073 2179 276
2122 2137 2217 2202 sq.
2266 2124 2332 2179 et
2388 2116 2500 2202 qui
2544 2113 2665 2180 hos
2710 2138 2816 2178 ne-

666 2221 903 2309 glexit,
952 2222 1310 2290 Schoenius
1374 2223 1454 2288 de
1504 2221 1735 2310 Eurip.
1782 2221 2025 2286 Bacch.
2075 2221 2301 2286 Habit.
2340 2221 2531 2286 Scen.
2580 2222 2699 2286 VI.
2748 2247 2813 2309 p.

664 2329 746 2394 57
805 2353 923 2417 sq„
972 2351 1052 2393 ne
1122 2308 1591 2394 sententiarum
1662 2327 1924 2416 quidem
1996 2351 2144 2392 eam
2210 2331 2553 2416 perspexit
2622 2336 2815 2415 atque

666 2437 974 2522 cognovit
1031 2435 1567 2517 concinnitatem,
1629 2457 1759 2522 qua
1818 2442 2079 2498 cautum
2139 2433 2298 2516 suit,
2359 2442 2431 2498 ut
2479 2435 2665 2521 quasi
2712 2435 2817 2498 dc-

664 2565 926 2609 mensae
987 2552 1056 2607 et
1113 2564 1306 2630 pares
1367 2540 1486 2606 sibi
1543 2539 2019 2628 responderent
2080 2548 2145 2604 et
2207 2539 2330 2604 hae
2378 2549 2631 2628 partes:
2694 2563 2817 2604 nec

667 2649 896 2714 solitae
942 2647 1101 2713 mihi
1147 2649 1476 2713 vertice
1535 2644 1776 2710 laurus.
1870 2645 1977 2710 En
2037 2655 2287 2710 taxea
2342 2654 2591 2725 marcet
2636 2645 2817 2712 Silva

667 2755 906 2820 comis
940 2764 1006 2818 et
1038 2752 1213 2820 illae:
1261 2753 1401 2818 Nec
1431 2753 1693 2817 fronti
1740 2753 2093 2816 vittatus
2124 2751 2351 2816 honos,
2426 2751 2815 2839 Hilaresque

669 2861 900 2926 ederas
955 2860 1212 2948 plorat-a
1271 2879 1617 2944 cupressus
1664 2856 1981 2921 E'xcludit
2027 2858 2285 2922 ramis
2363 2856 2445 2921 In
2491 2879 2618 2944 quo
2650 2857 2817 2922 loco-

671 2989 814 3031 rum
863 2965 1104 3052 genere
1167 2987 1297 3028 non
1366 2963 1602 3027 mirum
1661 2971 1759 3026 est
1829 2949 2277 3051 nonnumqum
2340 2962 2683 3046 accidisse,
2746 2973 2819 3027 ut

671 3094 864 3139 voces
925 3072 1121 3138 rami
1188 3081 1254 3135 et
1313 3070 1580 3144 vittae
1640 3067 1721 3132 de
1778 3067 1922 3132 loco
1972 3069 2289 3134 haberent
2335 3071 2815 3134 contentionem

669 3178 896 3242 Heius.
947 3176 1144 3242 Ovid.
1194 3177 1376 3241 Fast.
1423 3174 1550 3238 III.
1599 3174 1725 3238 861
1780 3198 1842 3261 p.
1893 3175 2043 3238 227.
2137 3175 2385 3238 Vcrum
2442 3176 2644 3260 igitur
2698 3186 2816 3259 est,

678 3283 853 3370 quod
900 3283 1094 3368 Valg.
1158 3307 1219 3370 p.
1282 3282 1410 3346 457
1473 3281 2017 3366 significavimus:
2081 3281 2355 3346 Statium
2420 3281 2543 3346 hoc
2598 3281 2816 3347 dicere

672 3399 866 3478 atque
901 3390 1096 3456 etiam
1127 3388 1423 3478 profiteri
1456 3399 1528 3452 ut
1561 3410 1869 3452 coronam
1894 3409 2024 3452 non
2048 3386 2358 3470 lauream,
2394 3386 2510 3453 sed
2533 3399 2815 3471 taxeam,

666 3495 759 3560 ita
801 3497 1030 3561 vittam
1067 3498 1204 3584 jam
1239 3493 1381 3581 *sibi
1430 3515 1572 3558 esse
1621 3515 1752 3558 non
1800 3491 1990 3557 hilari
2049 3493 2279 3575 edera,
2330 3493 2446 3559 sed
2510 3517 2815 3583 cupresso

670 3602 988 3668 intextam
1041 3601 1153 3690 (cf.
1205 3601 1540 3683 Quintian.
1589 3600 1655 3664 in
1704 3574 1883 3665 bbit.
1931 3599 2164 3664 Annae
2212 3623 2275 3688 p.
2322 3600 2488 3664 514:
2537 3599 2629 3663 At
2673 3623 2821 3663 mea

665 3708 914 3775 ferali
963 3730 1148 3774 coma
1209 3710 1293 3772 sit
1337 3708 1715 3796 praecincta
1774 3707 2233 3794 cupressu).
2326 3707 2416 3771 Et
2478 3728 2819 3794 cupressus

671 3815 934 3903 quidem
979 3813 1308 3902 plorata
1371 3815 1464 3898 sic
1511 3811 1772 3897 dicitur,
1821 3825 1894 3878 ut
1938 3814 2005 3878 in
2050 3813 2255 3879 Theb.
2286 3813 2406 3878 IV.
2440 3813 2603 3877 460:
2652 3812 2821 3876 fron·
2874 3879 2876 3881 ,

672 3923 788 3986 des
837 3932 1032 4010 atque
1070 3943 1257 3986 omne
1290 3941 1636 4008 cupressus
1667 3918 1919 3984 Intexit
1964 3918 2295 4007 plorata
2341 3917 2581 4001 latus‚“
2628 3941 2820 4007 quem

681 4026 895 4092 locum
951 4027 1338 4114 perstrinxit
1393 4025 1613 4092 Cerda
1669 4025 1857 4110 Virg.
1905 4024 2070 4090 Aen.
2119 4025 2243 4090 III.
2293 4024 2379 4090 64
2423 4049 2488 4114 p.
2540 4024 2667 4090 278
2716 4024 2819 4107 Α.,

678 4131 973 4216 Scaliger
1018 4131 1277 4198 Catullo
1325 4131 1442 4213 64,
1505 4132 1628 4196 291
1680 4131 1772 4194 sic
1832 4153 1871 4195 a
1918 4151 1986 4194 se
2046 4139 2375 4196 correcto:
2422 4131 2819 4220 „fletaque

675 4259 896 4303 sorore
929 4236 1278 4302 Flammati
1310 4235 1779 4300 Phaethontis“
1825 4256 1957 4300 non
2002 4237 2212 4321 magis
2260 4233 2576 4319 adhibuit,
2628 4261 2822 4324 quam

674 4343 879 4430 Orphz
931 4344 1181 4428 Argon.
1235 4342 1359 4407 951
1418 4333 1907 4406 πολυκλαύτων
1962 4331 2345 4426 τάῑγεζοων
2424 4343 2543 4433 (cf.
2630 4343 2819 4408 Arat.
