3234 4967
719 384 802 457 66
1624 388 1983 453 Ᾰᾶηοί.43.

719 600 894 688 quod
942 600 1347 667 memorabili
1406 602 1855 690 exemplorum
1914 602 2109 667 modo
2170 602 2741 691 comprobabimus
2796 603 2865 666 in

719 706 1042 771 Emendd.
1092 706 1282 795 Prop.
1332 707 1450 771 IX.
1499 708 1560 790 2,
1609 730 1759 773 cum
1790 708 1875 774 ab
1922 706 2066 773 aliis
2114 708 2329 796 poetis
2373 716 2514 772 tum
2558 730 2601 773 a
2644 708 2856 774 Statio

721 812 994 879 verbum
1039 835 1214 878 esse
1263 814 1332 877 in
1377 813 1501 879 hoc
1532 814 1827 881 locorum
1874 836 2137 901 genere,
2187 813 2270 879 de
2318 836 2449 903 quo
2494 822 2597 879 est
2628 812 2868 878 Achill.

718 923 764 985 Ι.
841 920 962 983 178
1036 919 1270 1025 (Virg.
1323 922 1490 985 Aen.
1564 922 1716 986 X11.
1796 920 2006 1009 388):
2079 919 2252 987 subit
2319 920 2582 1007 rapido,
2666 940 2868 1007 quae

718 1027 1114 1112 proxima,
1163 1025 1334 1092 saltu
1380 1026 1753 1110 Flumina,“
1802 1028 2012 1092 omitti
2060 1024 2319 1093 solitum
2366 1042 2529 1092 esse.

891 1151 1116 1236 Itaque
1163 1148 1583 1215 vulnerum
1630 1149 1888 1215 illorum
1937 1160 2116 1215 certa
2148 1159 2412 1238 reperta
2442 1159 2543 1215 est
2570 1145 2863 1231 medela}

722 1254 1095 1321 adhibenda
1130 1257 1270 1343 jam
1318 1278 1548 1322 manus
1577 1256 1836 1322 medica
1867 1256 1953 1321 ad
1984 1256 2052 1322 id
2085 1257 2288 1340 ulcUS,
2323 1255 2501 1344 quod
2530 1256 2602 1320 in
2634 1254 2868 1321 eodem

722 1354 912 1426 versu
969 1360 1175 1426 latere
1235 1371 1308 1426 ut
1364 1363 1669 1449 pertenui
1727 1363 1820 1427 ita
1876 1386 2009 1427 non
2070 1362 2265 1429 dubio
2338 1361 2567 1449 patefit
2625 1360 2868 1426 indicio

719 1467 1023 1533 editionis
1083 1468 1450 1533 Parmensis
1509 1468 1681 1557 (‚‚ex
1729 1470 1987 1556 optimis
2032 1468 2424 1535 membranis
2472 1470 2871 1556 expressae“

721 1574 944 1641 Heius.
995 1573 1339 1639 Claudian.
1386 1573 1534 1639 Rus.
1583 1576 1631 1639 1.·
1678 1575 1893 1640 Praef.
1941 1574 1985 1637 4
2040 1598 2103 1661 p.
2154 1574 2260 1638 27.
2318 1570 2470 1637 add.
2518 1572 2733 1661 Epist.
2783 1571 2867 1637 ad

720 1678 1062 1744 Falconer.
1115 1678 1532 1745 COOCLXI.
1581 1703 1647 1768 p.
1694 1680 1845 1746 530.
1892 1678 2051 1767 Syll.
2100 1679 2193 1768 V)
2240 1678 2472 1745 hocce:
2533 1682 2866 1744 amicam.

719 1784 812 1849 Ut
855 1786 1080 1873 paucis
1128 1784 1494 1851 absolvam:
1566 1785 1745 1873 quod
1788 1787 2070 1875 primum
2116 1783 2378 1873 legenti·
2416 1781 2580 1849 haec
2630 1784 2861 1849 miran-

720 1892 899 1979 tique
949 1899 1016 1955 et
1061 1890 1628 1978 compellationem
1660 1893 1852 1957 istam
1900 1892 2332 1957 amicorum
2374 1913 2509 1957 non
2554 1889 2858 1970 omnium,

721 1996 838 2061 sed
884 2018 1130 2080 eorum,
1179 1996 1413 2084 quibus
1457 2009 1659 2085 poeta
1705 1998 1981 2063 affuerat
2032 1996 2503 2081 laborantibus,
2553 2004 2619 2061 et
2662 1993 2865 2059 incre-

721 2100 985 2167 dibilem
1032 2104 1336 2168 inertiam
1396 2125 1480 2168 ne
1526 2102 1805 2169 terdena
1860 2103 2124 2191 quidem
2169 2101 2314 2170 luce
2360 2103 2559 2192 impie
2609 2121 2865 2167 cessare

721 2208 1157 2274 desinentium
1205 2218 1272 2274 et
1314 2210 1707 2275 brevitatem
1757 2210 2070 2276 orationis
2116 2218 2249 2275 tam
2280 2208 2769 2296 circumscripte
2800 2215 2869 2271 et

719 2337 917 2404 parce
986 2314 1178 2381 Statii
1243 2337 1376 2381 non
1443 2314 1662 2381 hercle
1722 2314 1894 2382 solos
1963 2316 2207 2382 amicos
2274 2313 2592 2382 consolati
2649 2312 2869 2379 officia

718 2422 1074 2511 laudesque
1137 2422 1518 2512 complexae
1561 2445 1807 2489 ‘sensus
1863 2431 2207 2510 poetarum
2254 2420 2534 2489 lectione
2579 2419 2867 2485 imbutus

720 2532 938 2595 statim
984 2529 1280 2619 subjecit,
1326 2528 1396 2594 id
1443 2528 1526 2595 ab
1572 2530 1717 2617 ipso
1750 2529 1963 2595 Statio
2009 2530 2293 2617 positum
2326 2527 2527 2594 fuisse
2559 2527 2863 2593 arbitror.

721 2635 898 2718 Quid
930 2637 1102 2701 enim
1133 2636 1345 2723 aptius
1393 2644 1460 2701 et
1507 2634 1860 2700 dilucidius
1906 2634 2031 2699 hoc
2082 2634 2347 2699 ordinet

827 2776 1026 2829 Delicio
1065 2774 1408 2844 medieasque
1447 2790 1637 2828 manus
1676 2776 2091 2843 fomentaque
2128 2790 2327 2845 quaero

825 2859 1269 2921 Vulneribus„
1306 2875 1481 2929 quae
1517 2876 1797 2921 summa,
1835 2862 1985 2913 meiS.
2058 2860 2211 2913 Nune
2245 2867 2456 2929 tempus
2492 2861 2600 2928 agi
2642 2872 2800 2931 rem:

823 2948 1118 3013 Quorum
1154 2962 1273 3014 ego
1311 2952 1590 3000 manantes
1626 2946 1813 3001 oculos
1849 2955 1901 3000 et
1936 2949 2118 3001 saucia
2156 2948 2282 3000 tersi

831 3034 1070 3094 Pectora,
1107 3031 1376 3087 reddite
1413 3048 1604 3103 opem
1644 3040 1697 3086 et
1730 3048 1881 3089 seras
1920 3032 2173 3089 exsolvite
2208 3038 2407 3101 grates.

821 3119 936 3172 Jam
977 3157 990 3170 .
1028 3156 1042 3171 .
1081 3155 1094 3172 .
1133 3116 1190 3171 ,Ἰ

720 3240 812 3307 Ut
855 3237 1424 3305 vehementissime
1463 3236 1828 3326 improbem
1857 3235 2056 3320 istud,
2104 3235 2282 3326 quod
2314 3232 2869 3321 Lindenbrogius,

720 3344 1032 3413 Barthius
1050 3393 1070 3429 ,
1117 3341 1548 3411 Marklandus
1563 3394 1583 3429 ,
1645 3341 1757 3409 alii
1814 3341 2286 3427 adhibuerunt,
2333 3340 2679 3409 artificium
2724 3362 2869 3407 can-

959 3576 1360 3645 comparatione
1409 3572 1510 3627 loci
1547 3572 1855 3637 Quintilian.
1894 3570 2024 3626 vlu.
2073 3573 2133 3628 2:
2180 3573 2529 3642 „pervasit
2562 3596 2630 3609 --
2667 3568 2861 3624 multoe

961 3662 1062 3713 ista
1113 3661 1441 3731 persuasio“
1480 3659 1532 3711 in
1570 3658 1639 3711 iis
1675 3656 1842 3718 libris,
1894 3674 2031 3727 quos
2084 3658 2379 3711 nominavit
2431 3656 2764 3711 Burmannus
2818 3673 2871 3724 p.

960 3747 1079 3807 677,
1105 3748 1186 3798 sic
1224 3744 1448 3799 exarati:
1489 3745 1843 3813 persuasit
1876 3770 1947 3779 —-
1982 3744 2212 3797 multos“
2250 3750 2303 3795 et
2336 3741 2541 3797 Nazarii
2580 3742 2705 3795 Pan.
2731 3740 2870 3795 Con-

961 3833 1174 3885 stantio.
1211 3830 1306 3891 32,
1342 3828 1402 3881 3:
1454 3846 1560 3899 quo
1609 3828 1790 3882 odium
1842 3828 1955 3896 ejus
2002 3834 2427 3899 pervaserat.
2508 3826 2678 3881 Guell'.
2717 3842 2870 3895 per-

960 3924 1279 3971 suaserat.
1343 3917 1408 3969 cl'.
1457 3914 1616 3969 Tacit.
1674 3918 1803 3969 Anu.
1850 3913 1982 3968 xm.
2032 3915 2125 3967 16:
2176 3930 2507 3968 venenum
2559 3939 2627 3951 --
2674 3918 2869 3964 artus

961 4003 1322 4073 pervasit.“
1383 4002 1568 4055 Seren.
1624 4002 1895 4055 Sammon.
1955 3998 2039 4055 lX.
2098 4002 2221 4053 1¹6:
2284 4002 2355 4053 ita
2414 3998 2726 4070 pervadit
2774 3998 2871 4049 vis

959 4090 1175 4157 frigoris
1211 4104 1278 4140 ac
1312 4096 1456 4143 tenet
1491 4093 1689 4143 artu5.“
1762 4088 1856 4142 Sil.
1894 4086 1999 4141 vu.
2026 4088 2154 4141 427:
2192 4104 2283 4140 ora
2311 4093 2531 4155 repente
2556 4084 2872 4138 Pervasit

961 4174 1247 4244 pallor.“
1317 4174 1488 4227 Arntz.
1527 4175 1725 4227 Arator.
1762 4169 1825 4226 ll.
1862 4174 1960 4225 645
2008 4190 2061 4243 p:
2097 4171 2198 4227 217
2244 4174 2311 4226 οἷ.
2350 4171 2507 4225 Drak.
2545 4171 2649 4223 Liv.
2689 4166 2747 4221 V.
2790 4165 2867 4226 18,

962 4262 1024 4311 to
1063 4278 1114 4330 p.
1155 4262 1272 4312 155.
1344 4260 1493 4313 Aliud
1532 4259 1732 4329 placuit
1768 4256 1902 4311 Silio
1942 4256 1999 4311 V.
2037 4256 2162 4309 312:
2212 4258 2467 4322 Quamvis
2503 4256 2660 4324 longa
2698 4256 2867 4307 sames

957 4345 1300 4411 stimulet,
1339 4344 1424 4397 leo
1459 4348 1561 4383 —-“
1599 4351 1652 4395 et
1674 4346 1876 4396 auctori
1913 4341 2047 4411 Epit.
2087 4340 2234 4395 lliad.
2263 4342 2415 4395 Hom.
2451 4340 2580 4393 397:
2618 4340 2859 4400 „leucum

955 4432 1126 4496 Quam
1167 4431 1472 4484 stimulat
1500 4430 1683 4499 jejuna
1720 4431 1946 4481 sames:‘
