3234 4967
548 370 643 419 182
1374 366 1692 431 ‘conject
1731 366 1826 421 VI.

466 533 473 537 ⁴
546 547 744 590 canet
784 512 938 605 supra
984 541 1173 603 scripto
1220 538 1509 589 cincinnulo
1548 535 1710 601 (ond.
1750 538 1781 591 l.
1821 538 1908 601 ὡ).
1979 536 2096 598 Quo
2148 539 2336 587 indicio
2389 524 2688 599 intelligitur

546 626 611 673 ab
645 626 759 690 ipso
784 624 960 677 Statio
997 626 1215 690 positum
1263 619 1421 675 fuisse
1470 630 1820 687 streperet,
1877 623 1958 672 cui
2007 624 2290 673 sententiae
2343 622 2492 671 fidem
2547 620 2690 670 addit

544 709 696 759 Plinii
742 710 808 762 N.
848 710 911 761 H.
948 710 1099 762 VIII.
1137 712 1223 770 42,
1262 710 1329 759 64
1365 726 1417 774 p.
1458 710 1579 759 116:
1634 703 1864 775 Scythici
1919 710 2176 773 equitatus
2231 722 2472 772 equorum
2524 707 2689 769 gloria

431 795 437 799 ’
542 791 893 859 strepunt“
940 796 1069 845 liber
1106 794 1471 845 Riccardiunus
1510 802 1813 858 screpunt
1851 794 1913 844 cf.
1955 796 2064 847 Liv.
2102 794 2202 847 IV.
2237 796 2320 854 43,
2360 796 2439 845 10.
2514 794 2688 843 Burm.

544 881 759 943 Quintil.
798 881 943 931 Decl.
980 881 1130 933 XIII.
1171 882 1201 930 3
1238 896 1287 945 p.
1308 880 1424 932 274.
1472 878 1606 931 ond.
1645 880 1785 931 Suet.
1826 875 1993 944 Calig.
2032 880 2063 931 3
2101 897 2149 945 p.
2192 881 2291 931 549
2329 888 2379 930 et
2416 880 2555 943 quod
2591 888 2688 943 pro

544 968 702 1031 cepit
736 968 788 1016 in
826 965 1020 1015 Sedulii
1060 966 1255 1028 aliquot
1288 965 1431 1013 libris
1467 964 1504 1017 Ι.
1546 966 1612 1014 24
1660 966 1841 1029 serpit
1864 966 2148 1015 «invenitur
2193 964 2256 1016 cf.
2304 966 2474 1015 adnot.
2511 964 2689 1027 Eclog.

544 1068 587 1103 v.
629 1054 693 1103 35
731 1068 780 1117 p.
819 1052 897 1103 59.
972 1049 1149 1115 Neque
1182 1050 1309 1099 illud
1346 1064 1448 1097 non
1497 1050 1756 1114 colligitur
1803 1066 1895 1115 pro
1940 1056 2216 1115 parente
2255 1050 2538 1115 Tarpejo
2585 1062 2690 1098 mc-

544 1144 790 1187 moratum
837 1132 997 1186 fuisse
1046 1134 1323 1199 Tarpejum
1372 1145 1660 1200 paratum
1707 1134 1796 1198 (cf.
1835 1134 2025 1186 Achill.
2065 1136 2132 1189 11.
2173 1137 2298 1187 265:
2346 1150 2518 1201 neque
2556 1133 2687 1184 enim

540 1230 715 1273 tantos
754 1222 911 1272 ausim
952 1236 1195 1271 revocare
1234 1228 1511 1285 paratus.
1584 1220 1749 1269 Theb.
1788 1220 1884 1271 IX.
1927 1224 2045 1272 170:
2092 1221 2396 1287 Respiciens
2433 1229 2601 1269 tamen
2641 1227 2692 1269 et

544 1316 782 1357 revocent
816 1308 858 1357 si
896 1306 1033 1355 forte
1078 1305 1402 1371 puratuS.“
1451 1305 1626 1354 Bau-th.
1666 1306 1734 1357 ΙΙ.
1778 1308 1874 1357 104
1909 1323 1954 1371 p.
1995 1308 2095 1358 324
2129 1322 2204 1372 sq.
2279 1306 2448 1355 Burm.
2491 1304 2689 1357 Lucan.

543 1392 637 1443 IV.
674 1394 777 1442 374
811 1408 859 1457 p.
900 1393 1013 1442 261.
1053 1393 1168 1445 add.
1207 1392 1335 1442 silv.
1359 1390 1423 1443 V.
1462 1392 1507 1453 2,
1536 1393 1598 1441 87
1640 1391 1806 1439 Pam.
1843 1402 2164 1456 parentes.
2202 1390 2344 1440 Rom.
2386 1387 2690 1454 paratos).

543 1477 617 1527 Ut
642 1478 747 1540 jam
788 1472 897 1526 vice
935 1458 1177 1527 Caesarei
1218 1477 1436 1526 muneris
1472 1484 1769 1540 strepere
1807 1476 2004 1524 dicatur
2029 1463 2257 1526 Thebais
2295 1491 2422 1540 opus
2458 1476 2690 1536 „casibus

544 1564 793 1628 opimum,
850 1568 1043 1612 atrox
1081 1557 1421 1627 proeliis,“
1462 1569 1516 1610 ut
1552 1560 1643 1611 Sil.
1683 1560 1803 1610 XV.
1845 1564 1967 1612 518:
2015 1560 2132 1611 Non
2171 1568 2314 1610 tanto
2362 1568 2692 1625 strepuere

544 1657 678 1697 metu
714 1648 1071 1712 primordia
1107 1642 1280 1696 belli.“
1317 1646 1509 1709 Paneg.
1549 1646 1764 1709 Bereng.
1803 1645 1872 1696 11.
1905 1648 2007 1707 852,
2033 1646 2181 1695 simili
2219 1646 2454 1710 strepit
2491 1645 2693 1707 agmine

544 1732 753 1782 frater.“
809 1730 936 1782 Stat.
975 1732 1139 1781 Theb.
1179 1732 1272 1786 IV,
1312 1733 1377 1783 95
1416 1738 1467 1780 et
1502 1731 1591 1784 Sil.
1633 1730 1872 1798 V1.224=
1909 1740 2254 1796 strepuere
2289 1731 2497 1781 tubae.
2537 1728 2693 1779 Clau-

544 1816 676 1866 dian.
718 1816 801 1866 l‘r.
846 1816 997 1867 Cons.
1036 1815 1147 1865 Stil.
1166 1815 1235 1865 11.
1261 1817 1383 1866 176:
1440 1815 1620 1876 „Quae
1655 1831 1758 1865 non
1794 1818 2002 1866 incudes
2041 1816 2464 1882 streperent.“
2519 1816 2692 1865 Burm.

548 1901 664 1950 Val.
702 1902 873 1952 Flacc.
912 1902 1005 1952 VI.
1038 1904 1103 1951 28
1140 1916 1185 1965 p.
1207 1902 1325 1951 492.
1379 1902 1553 1953 Arntz.
1598 1902 1820 1953 Eumen.
1857 1916 1951 1965 pro
1991 1902 2119 1952 Inst.
2159 1902 2334 1953 Schol.
2374 1903 2472 1961 2‚5
2495 1917 2546 1965 p.
2573 1902 2693 1961 1813

546 2001 659 2036 nam
697 1988 749 2035 in
788 1988 888 2035 alia
924 1988 1181 2037 sententia
1216 1992 1265 2035 et
1300 2001 1331 2035 a
1368 1986 1639 2053 Symposio
1678 1987 1816 2037 Prol.
1846 1987 2085 2049 Aenigm.
2129 1990 2158 2035 7
2197 1988 2414 2051 positum
2454 1996 2530 2035 est
2565 1986 2692 2036 hocz

546 2071 676 2121 Cum
712 2079 1041 2137 streperet
1077 2073 1180 2121 late
1220 2072 1451 2121 madidae
1487 2071 1800 2121 facundia
1834 2072 2074 2135 linguae“
2111 2078 2162 2121 et
2197 2073 2261 2121 ab
2289 2072 2504 2121 Horatio
2525 2070 2693 2136 Epist.

548 2152 588 2207 1.
628 2158 674 2217 2,
711 2157 774 2207 31
814 2164 866 2207 et
903 2157 1069 2208 Carm.
1108 2156 1204 2208 IV.
1244 2160 1289 2217 3,
1331 2161 1392 2207 17
1432 2158 1707 2207 ‹ithai-re
1746 2158 2065 2221 strepitus
2102 2164 2150 2205 ct
2186 2172 2216 2205 a
2253 2156 2470 2207 Sidonio
2512 2156 2692 2221 Apoll.

546 2242 711 2306 Epist.
748 2242 843 2293 IX.
887 2245 949 2294 13
985 2259 1035 2307 p.
1075 2245 1198 2295 598:
1248 2244 1418 2305 „Date
1455 2243 1698 2307 quidquid
1741 2250 1792 2291 et
1824 2249 2062 2307 poetae
2100 2242 2261 2292 Vario
2299 2246 2601 2307 strepunt
2641 2242 2694 2291 in

547 2327 719 2379 actu.“
743 2326 941 2377 Ennod.
962 2324 1013 2393 p.
1035 2330 1149 2378 249.
1174 2330 1247 2378 Dz
1284 2330 1629 2392 quodcunque
1664 2336 1840 2392 strep
1859 2328 1954 2375 uit
1975 2354 2036 2362 —
2065 2326 2324 2377 Camena“
2348 2325 2413 2380 cf.
2439 2328 2693 2376 Dominio.

549 2412 710 2465 Baud.
758 2412 878 2465 Var.
934 2412 1104 2466 Garm.
1156 2416 1351 2479 p.531:
1382 2415 1531 2477 juvat
1569 2440 1632 2448 —
1689 2418 1985 2477 strepere
2034 2412 2242 2463 incultis
2289 2426 2495 2461 carmen
2545 2411 2695 2461 inane

548 2498 740 2547 modis“
767 2496 967 2562 (qualia
988 2500 1225 2563 exempla
1251 2498 1334 2563 qui
1364 2500 1770 2559 recordarentur,
1807 2498 1968 2547 videri
2007 2505 2196 2561 queant
2218 2497 2339 2546 'olim
2365 2498 2692 2562 supposuisse

548 2582 675 2633 illud
691 2595 705 2635 τ
728 2585 971 2647 caneret).
992 2586 1171 2650 Itaque
1182 2585 1400 2649 exiguus
1412 2592 1624 2633 conatus
1643 2590 1692 2631 et
1709 2584 1874 2634 brevis
1894 2584 2045 2633 labor
2056 2583 2182 2649 baec
2195 2581 2364 2633 Statio
2376 2582 2667 2633 vindicandi
2682 2599 2695 2631 ε

923 2668 1055 2719 Nam
1096 2671 1229 2735 quod
1268 2686 1346 2719 me
1384 2670 1543 2718 mixta
1580 2682 1797 2732 quercus
1833 2682 1936 2717 non
1973 2669 2157 2733 pressit
2191 2668 2331 2717 oliva

924 2756 995 2804 Et
1030 2754 1160 2817 sugit
1194 2762 1430 2819 speratus
1466 2754 1648 2819 honos,
1689 2768 1837 2818 quam
1876 2755 2042 2813 dulc-e,
2080 2765 2348 2819 paratus

926 2838 1075 2889 Cum
1113 2840 1255 2888 vice
1292 2839 1506 2903 Tarpcji
1542 2846 1865 2904 streperet
1898 2846 1948 2887 te
1987 2845 2162 2889 nostra
2199 2840 2438 2901 magistro

886 2966 898 2973 .
927 2924 1177 2974 Thebais!
1218 2924 1481 2987 Urgebant
1514 2926 1796 2989 priscorum
1835 2924 2048 2973 exordia
2083 2930 2280 2973 vatum:

925 3010 1010 3059 Tu
1046 3015 1227 3058 cantus
1264 3009 1523 3059 stimulare
1562 3008 1717 3070 meos,
1753 3016 1810 3059 tu
1847 3010 2074 3074 pandere
2111 3008 2248 3059 facta
2289 3005 2348 3045 '—

924 3094 1263 3145 Monstrabas.
2179 3105 2186 3111 ·

550 3180 871 3245 Quamquam
907 3179 1123 3230 fortasse
1160 3186 1385 3245 praestat
1418 3182 1596 3231 scribi:
1639 3181 1702 3244 „J
1719 3196 1812 3230 am
1851 3181 2000 3245 quod.
2024 3196 2103 3229 me
2129 3180 2293 3231 mixta
2313 3181 2425 3235 -.“
2463 3181 2699 3245 Denique

550 3268 791 3331 reddam,
846 3279 977 3329 quae
1026 3266 1161 3315 docti
1205 3266 1437 3315 homines
1473 3268 1885 3331 praeterierunt3
1924 3266 2162 3317 Heinsius
2207 3267 2334 3317 enim
2372 3268 2508 3321 Λᾶν.
2535 3266 2628 3321 IV.
2667 3269 2701 3318 4

549 3368 599 3416 p.
622 3353 720 3403 591
761 3351 889 3399 hacc
925 3351 1215 3415 proposuit:
1251 3366 1400 3412 „cum
1434 3352 1581 3401 luce
1625 3351 1846 3417 parentis
1882 3351 2080 3400 Irrita
2119 3351 2330 3419 Tarpeji
2373 3361 2584 3402 caneret
2619 3380 2702 3413 -,

550 3436 887 3495 urebant,“
924 3432 1321 3501 Oudendorpius
1360 3445 1526 3487 autem
1562 3438 1597 3489 l.
1637 3440 1684 3491 d.
1723 3438 1877 3490 haec:
1927 3454 2048 3503 qua
2083 3440 2223 3489 luce
2259 3438 2486 3505 parentis
2521 3438 2702 3488 Invida

551 3522 761 3587 Tarpeji
798 3534 1012 3586 rupes:
1068 3524 1144 3572 Te
1183 3532 1357 3572 nostra
1408 3524 1656 3585 magistro
1695 3524 1918 3574 Thebais
1971 3525 2224 3590 urgebat
2277 3526 2556 3589 priscorum
2613 3536 2701 3573 ex·

552 3607 697 3657 ordia
734 3606 953 3658 vatum.“

690 3692 954 3743 Postremo
991 3694 1075 3742 hic
1112 3700 1377 3743 retractem
1423 3696 1782 3759 corrigamque
1828 3679 2091 3760 ea‚'quae
2139 3697 2203 3745 de
2251 3696 2482 3746 versibus
2521 3698 2586 3747 92
2623 3710 2700 3759 sq.

548 3780 602 3829 in
642 3779 876 3830 Lexidiis
913 3777 981 3827 V.
1021 3794 1071 3843 p.
1103 3779 1166 3829 16
1186 3793 1261 3843 sq.
1301 3778 1529 3833 disserui.
1584 3780 1821 3844 Namque
1857 3778 2152 3843 Withofius,
2206 3781 2258 3831 id
2295 3782 2432 3846 quod
2469 3781 2700 3830 omnibus

549 3865 916 3929 incompertum
953 3862 1130 3924 affero,
1167 3864 1217 3913 in
1257 3878 1405 3914 versu
1432 3866 1501 3915 94
1536 3866 1830 3926 „verissime
1854 3866 2126 3929 legendum
2165 3866 2315 3915 Pisa
2350 3872 2401 3915 et
2434 3868 2499 3915 ad
2525 3866 2700 3932 olym-

550 3950 667 4013 pica
702 3950 983 3998 certamina
1002 3949 1319 4015 Lyricorum,
1352 3951 1649 4015 praesertim
1691 3966 1810 4000 vero
1830 3950 2037 3999 Pindari
2065 3952 2324 4000 materiam
2351 3951 2546 4001 alludi“
2581 3966 2701 4001 cen·

552 4036 652 4095 suit
686 4034 831 4083 Misc.
871 4032 1015 4088 Obss
1058 4036 1191 4085 Nov.
1232 4037 1269 4089 Ι,
1308 4052 1353 4101 ρ
1400 4038 1515 4102 147,
1560 4038 1678 4102 'ipse
1725 4038 1833 4100 jam
1880 4038 2012 4086 hanc
2048 4037 2358 4102 expediendi
2395 4037 2526 4085 viam
2574 4038 2701 4085 inire

553 4120 713 4179 ma10,
768 4127 825 4168 ut
872 4119 1095 4182 ejusdcm
1145 4122 1440 4173 Antimachi
1486 4124 1726 4189 exemplo
1776 4140 1806 4173 a
1851 4122 2020 4173 Statio
2068 4125 2337 4174 monstrari
2384 4129 2601 4173 statuam
2655 4128 2706 4171 et

554 4204 817 4269 epicorum
854 4203 1131 4255 carminum
1170 4214 1222 4256 et
1256 4208 1535 4273 elegiarum
1575 4210 1866 4275 scriptores.
1921 4208 2052 4259 Nam
2091 4208 2406 4258 Thebaidem
2451 4208 2702 4258 Aonio-

552 4306 683 4339 rum
722 4305 1091 4354 camporum
1126 4296 1604 4345 commemoratione
1644 4296 1880 4346 distincte
1916 4296 2172 4360 designari
2197 4292 2506 4345 obtinuimus
2524 4291 2701 4345 Lexid.

552 4390 601 4441 p.
642 4378 732 4437 183
780 4374 999 4440 Lydae
1037 4385 1203 4428 autem
1242 4394 1427 4429 nomen
1464 4390 1678 4445 apparet
1714 4380 1889 4431 inferri
1925 4396 2037 4431 cum
2075 4382 2140 4430 ad
2179 4380 2438 4444 elegorum
2485 4386 2590 4429 tum
2639 4378 2704 4428 ad
