3234 4967
1273 323 1567 390 Conjeet.
1603 329 1758 378 XIII.
2483 333 2581 381 209

437 515 488 562 ρ.
525 501 640 550 857.
678 497 752 549 B:
802 505 1032 548 extracta
1067 498 1358 552 trucibus
1395 497 1692 548 cavernis
1728 497 1969 563 Aspidef‘
2044 499 2227 563 Neque
2274 501 2582 550 omittendus

437 583 522 631 hic
560 611 620 618 —
660 599 778 632 num
817 584 920 632 alia
955 592 1314 647 expromentur
1349 583 1564 633 Emend.
1601 583 1757 646 Prop.
1794 583 1892 631 IV.
1931 585 1961 632 3
2000 583 2247 638 -nlocus
2286 585 2453 638 Theb.
2483 585 2581 634 IV.

441 669 564 717 141:
605 667 832 732 Hylaeus
868 667 932 715 ab
969 676 1118 716 antro
1155 667 1487 730 Praecipitat:
1523 675 1723 731 pavet
1759 667 1888 717 Ossa
1926 668 2029 718 vias
2048 667 2088 730 ;“
2128 669 2257 717 haec
2295 669 2425 718 enim
2460 685 2582 718 vera

439 762 513 802 est
549 753 826 816 descriptio
866 752 975 814 ejus
1011 767 1213 812 versuS‚
1268 767 1371 800 non
1407 752 1538 812 ina,-
1579 767 1681 814 qua
1724 751 1906 800 verba:
1962 753 2307 816 pecudesque,
2334 751 2575 816 feraeque

437 833 856 900 Prssocubuere
881 851 968 884 me
985 833 1074 884 t-u“
1105 835 1362 886 cumillis:
1387 843 1579 900 pavet
1603 835 1753 886 Ossa
1770 833 1940 888 viasf‘
1960 837 2222 902 praeclare
2244 839 2577 902 congruentia

436 929 486 968 et
521 921 585 968 ad
620 921 837 982 ingentis
875 930 1062 980 metm,
1113 935 1212 984 quo
1249 936 1360 970 cum
1397 921 1511 984 ipso
1548 931 1720 970 monte
1756 921 2048 972 animalium
2074 936 2235 970 -omne
2278 937 2439 984 genus
2488 937 2579 970 ex-

435 1005 611 1052 terreri
649 1005 935 1063 videretur,
978 1005 1240 1056 veritatem
1277 1001 1801 1060 accommodatissime
1838 1005 2031 1069 scripta
2063 1005 2169 1060 sive
2206 1006 2437 1055 Kochius
2474 1008 2580 1056 sive

435 1089 712 1138 Muellerus
761 1087 955 1152 (neque
993 1089 1124 1136 enim
1163 1090 1283 1138 satis
1327 1088 1555 1152 memini)
1599 1090 1895 1154 interposita
1938 1105 2065 1138 voce
2112 1090 2248 1142 vias
2298 1090 2580 1158 imperitius

435 1174 660 1225 diremit:
715 1173 1122 1238 Praecipitat
1157 1176 1389 1238 (pavet
1425 1171 1621 1238 Ossa)
1658 1173 1841 1240 yiasf‘
1916 1174 2025 1224 Nec
2062 1176 2161 1224 hoc
2204 1175 2406 1239 quidem
2451 1175 2605 1224 latet·

437 1265 575 1307 recte
625 1259 728 1314 dici
765 1257 944 1308 Ossam
990 1259 1129 1307 vias
1171 1259 1360 1323 Hylaei
1405 1273 1787 1322 quoquoversus
1834 1260 2142 1322 erumpentis
2172 1259 2483 1324 expavisse,
2532 1266 2585 1308 at

434 1343 602 1406 ipsum
637 1341 894 1408 Hylaeum
930 1343 1198 1392 dicendum
1235 1343 1390 1392 fuisse
1427 1343 1492 1392 ab
1527 1351 1678 1393 antro
1714 1345 1879 1395 viam
1914 1344 2293 1407 praecipitasse.

571 1426 766 1476 Eadem
803 1443 908 1476 vox
941 1428 995 1478 in
1032 1429 1193 1480 Theb.
1231 1427 1330 1479 XL
1368 1427 1466 1478 325
1503 1427 1697 1490 positat

855 1519 932 1578 *et
964 1514 1028 1562 ad
1064 1513 1216 1562 lituos
1253 1513 1466 1562 hilarem
1504 1512 1863 1577 trepidumque
1900 1513 2135 1564 tubarum

739 1596 1099 1662 Prospiciebat
1135 1611 1322 1661 equum

439 1680 642 1731 Kochio
679 1681 714 1731 1.
751 1679 799 1730 d.
837 1697 886 1744 p.
926 1683 990 1730 12
1030 1696 1185 1730 causa-
1218 1681 1315 1730 fuit
1350 1681 1586 1731 adhunc
1635 1681 1911 1732 delabendi
1956 1683 2355 1734 correctionem:
2411 1690 2579 1733 stre-

434 1767 643 1829 pitum
657 1779 757 1830 que
795 1765 1076 1817 tubarum.“
1150 1765 1354 1826 Quanto
1390 1767 1601 1830 rectiore
1634 1766 1831 1829 judicio
1868 1765 2159 1824 Bochartus
2196 1767 2322 1816 haec
2357 1784 2581 1832 pronun-

435 1851 581 1910 tiavit
615 1851 656 1906 I.
693 1851 898 1902 Hieroz,
927 1851 1004 1904 Π.
1047 1854 1075 1902 8
1113 1866 1163 1914 Ρ.
1203 1853 1316 1911 150,
1356 1853 1451 1902 67:
1496 1852 1589 1912 „ad
1628 1850 1785 1899 lituos
1820 1851 2033 1900 hilarem
2074 1851 2464 1916 intrepidum
2481 1869 2651 1918 que.-

435 1936 666 1984 tubarum
691 1935 1047 1999 Prospiciebat
1082 1950 1281 1998 equum.
1327 1935 1470 1994 Quos
1507 1950 1679 1984 versus
1717 1950 1829 1983 cum
1878 1937 2078 1999 scripsit
2114 1935 2333 1996 StatiuS,
2380 1939 2582 1988 videtur

433 2020 675 2069 habuisse
711 2021 764 2068 in
801 2009 970 2070 animo
1007 2017 1145 2070 hunc
1182 2018 1501 2070 Columellae
1537 2019 1711 2069 locum
1750 2021 1812 2068 de
1851 2021 2085 2083 generosi
2124 2022 2240 2084 equi
2285 2023 2417 2071 notis
2456 2023 2579 2073 VII.

436 2106 527 2154 28:
565 2102 620 2153 Si
655 2105 918 2164 hilaris,
957 2106 996 2154 si
1035 2091 1408 2168 intrepidus
1447 2119 1612 2168 neque
1650 2104 2439 2168 aspffiufflae„tfli.ltmssm·“
2496 2105 2580 2168 ,AC

436 2195 642 2238 tuentur
675 2202 858 2238 vocem
893 2190 1250 2254 intrepidum
1276 2189 1470 2237 Barthii
1496 2190 1711 2248 codices,
1746 2190 1798 2237 in
1826 2188 2007 2251 quibus
2033 2198 2109 2248 est
2132 2190 2578 2239 intremidum-

437 2287 537 2337 que
587 2271 674 2336 (cf.
715 2274 942 2324 Broukh.
981 2274 1134 2338 Prop.
1171 2274 1266 2323 1v.
1308 2275 1364 2337 1,
1412 2275 1480 2322 43
1516 2289 1565 2338 p.
1605 2273 1727 2336 379)
1768 2280 1819 2322 et
1857 2273 1976 2322 Vet.
2014 2272 2299 2324 Scholissta
2333 2290 2380 2338 p.
2423 2275 2581 2326 1349:

435 2357 562 2406 Nec
601 2358 1046 2422 trepidantem
1085 2360 1149 2408 ad
1189 2373 1520 2422 quoscunque
1557 2358 1802 2408 tumultus
1838 2358 2083 2408 bellicos“
2120 2375 2182 2406 ac
2213 2357 2431 2418 Queckii
2466 2359 2580 2407 libri

436 2452 486 2492 et
519 2438 568 2492 F
573 2443 898 2506 risingensis,
945 2443 998 2491 in
1035 2425 1137 2506 quo
1173 2444 1335 2508 reperi
1371 2440 1766 2492 intreffldum.
1839 2441 1974 2492 Hinc
2007 2438 2222 2506 proclivi
2272 2443 2579 2492 deverticulo

435 2542 650 2592 pergere
686 2529 808 2576 lieet
843 2529 908 2576 ad
949 2527 1253 2587 Caesaris
1290 2528 1458 2578 locum
1495 2527 1555 2580 B.
1597 2525 1661 2579 G.
1700 2526 1796 2593 VI.
1836 2529 1917 2586 21,
1954 2528 2003 2588 3,
2048 2529 2110 2575 de
2150 2541 2249 2589 quo
2285 2528 2465 2576 mirum
2503 2535 2581 2576 est

439 2628 470 2660 a
495 2612 640 2662 nullo
681 2613 850 2662 adhuc
885 2613 1100 2661 similem
1140 2628 1362 2665 errorem
1385 2628 1514 2668 ‚esse
1551 2614 1647 2662 hac
1672 2613 1865 2660 ratione
1888 2613 2165 2662 sublatum:
2204 2612 2649 2674 „Magistratus,..„

439 2711 568 2760 quae
603 2697 820 2746 invisa
853 2704 996 2756 sunt,
1035 2698 1322 2758 occultant,
1351 2711 1591 2762 ‘quaeque
1630 2711 1738 2745 esse
1776 2711 1841 2744 ex
1876 2713 1971 2746 usu
2002 2697 2370 2760 judicaverint,
2413 2696 2579 2754 multi-

437 2781 597 2830 tudini
635 2782 893 2846 produnt“
931 2782 996 2830 cf.
1035 2782 1195 2833 Dorv,
1235 2781 1424 2832 Charit.
1461 2799 1510 2846 p.
1551 2782 1666 2831 603.
1739 2779 1895 2831 Gron.
1934 2781 2063 2832 Tac.
2098 2781 2239 2830 Ann.
2277 2781 2322 2832 1.
2348 2783 2415 2832 24
2442 2797 2495 2846 p.
2515 2783 2581 2832 56

438 2867 570 2930 Rup.
626 2865 736 2915 Nec
775 2867 1047 2916 Porcius
1085 2868 1290 2916 Latro
1326 2867 1530 2917 XXIV.
1568 2883 1619 2930 p.
1643 2867 1773 2916 1098
1812 2881 1916 2914 non
1952 2866 2151 2914 videtur
2188 2865 2429 2916 Siccium
2465 2867 2645 2916 im·-

437 2951 844 3014 potentissimum
881 2953 1067 3014 potius,
1108 2968 1258 3016 quam
1294 2951 1749 3016 potentissimum
1786 2951 2039 3000 hominem
2079 2966 2293 3000 vocasse
2337 2959 2389 3001 et
2422 2951 2579 3000 Lac-

439 3037 681 3084 tantius
737 3031 905 3088 Theb.
956 3033 1078 3086 V11.
1133 3037 1204 3096 43,
1253 3036 1438 3086 Martis
1492 3035 1852 3098 immortalem
1908 3037 2111 3092 domum
2168 3037 2365 3101 potiuS‚
2429 3050 2579 3098 quam

437 3120 724 3169 mortalem
772 3118 862 3183 (cf.
901 3121 1115 3180 Quintil.
1152 3121 1299 3170 Decl.
1339 3118 1489 3168 VIII.
1530 3120 1593 3169 13
1632 3135 1684 3182 p.
1725 3122 1848 3170 178:
1903 3120 2055 3168 breve
2090 3121 2323 3170 videatur
2369 3122 2580 3169 morta-

437 3204 567 3254 libus
605 3205 782 3255 oeuliS.
820 3205 961 3258 Witt.
998 3203 1144 3254 Leid.
1189 3221 1263 3268 pr.
1303 3205 1454 3257 Voss.
1494 3219 1591 3255 sec.
1642 3202 2078 3268 immortalibus),
2127 3204 2375 3256 Seneca
2410 3211 2579 3254 autem

441 3288 567 3338 Oed.
605 3289 730 3340 645:
768 3290 990 3353 Erinnys
1028 3315 1089 3324 -—
1129 3289 1378 3357 Tra-ham
1415 3289 1727 3338 insonantes
1764 3289 1975 3338 verbera
2011 3286 2094 3352 <ut
2118 3289 2263 3352 Virg.
2300 3291 2430 3338 Aen.
2454 3289 2579 3338 V11.

437 3372 590 3434 450),
621 3373 772 3436 quam
807 3382 1102 3428 sonantes.
1175 3373 1344 3422 Etiam
1383 3374 1615 3436 adjiciam
1654 3376 1793 3438 apud.
1829 3371 2045 3423 Statium
2069 3374 2187 3428 VII.
2222 3376 2345 3424 311:
2384 3379 2582 3423 servant

437 3459 720 3522 ingentia“
754 3459 805 3506 id
839 3458 1032 3522 ipsum,
1089 3461 1222 3522 quod
1260 3458 1502 3508 Barthius
1541 3467 1594 3507 et
1626 3457 1923 3524 'Gronovius
1971 3459 2271 3521 conjectura
2324 3458 2580 3521 assequuti

441 3551 581 3600 sunt:
619 3551 983 3603 servantem,
1005 3551 1180 3592 extare
1202 3544 1256 3592 in
1273 3543 1589 3607 Frisingensi
1621 3559 1653 3591 a
1677 3551 1960 3592 correctore
1989 3544 2347 3607 consignatum
2374 3545 2579 3592 eodem-

441 3643 540 3692 que
579 3628 797 3690 dirigere
835 3627 1194 3677 Monacensem
1233 3629 1490 3688 codicem,
1535 3627 1679 3692 cujus
1716 3631 1980 3677 corrector
2016 3628 2251 3678 exaravit
2286 3636 2577 3678 servatur.

437 3712 702 3762 Postremo
741 3714 920 3763 eodem
957 3712 1080 3760 vitio
1117 3711 1356 3765 affectum
1403 3729 1512 3764 esse
1558 3725 1760 3762 versum
1798 3710 2054 3770 Silv.‚IV.
2089 3713 2139 3772 4,
2178 3715 2275 3763 102
2312 3712 2468 3776 paulo
2503 3714 2579 3762 in·

438 3795 592 3848 serius
617 3799 954 3850 obtinebimus
979 3796 1041 3846 cf.
1061 3797 1198 3849 Adn.
1215 3797 1397 3860 Eclog.
1417 3800 1482 3848 26
1501 3814 1550 3861 Ρ.
1569 3800 1653 3849 41.
1681 3797 1867 3848 Avien.
1890 3797 1923 3848 l.
1952 3797 2183 3860 Conject.
2200 3797 2310 3846 XII
2334 3813 2384 3861 p.
2406 3798 2507 3848 204
2528 3799 2577 3850 d.

573 3881 681 3931 Nec
717 3883 927 3946 peritius
962 3885 1098 3932 idem
1135 3880 1366 3932 Kochius
1404 3883 1660 3932 consuluit
1694 3884 1810 3935 loco
1850 3877 2015 3931 Theb
2054 3880 2122 3934 V
2162 3883 2289 3937 308:

813 3966 1042 4016 Perdidit
1076 3983 1181 4018 una
1217 3981 1394 4018 omnes
1430 3968 1610 4034 orbata
1648 3967 2007 4036 excisaque
2015 3968 2226 4021 mundo

439 4053 589 4116 hujus
645 4051 958 4105 mutationis
989 4059 1166 4104 auctor
1213 4067 1490 4116 suasorque
1525 4069 1577 4120 p.
1617 4054 1673 4100 7:
1729 4053 2000 4116 excisaque
2053 4060 2255 4104 nocte.
2260 4052 2290 4078 “
2373 4051 2475 4102 Sed
2518 4066 2581 4102 ne

437 4138 707 4201 Bentlejus
745 4138 947 4200 quidem
986 4139 1068 4202 qui
1105 4138 1375 4203 proposuit
1409 4138 1642 4198 fundo,
1678 4139 1777 4187 hoc
1814 4137 2077 4202 perspexit
2113 4138 2336 4187 mundo
2375 4145 2431 4187 ut
2466 4138 2580 4188 aliis

437 4225 490 4272 in
525 4224 649 4276 locis
697 4221 869 4286 (Voss.
908 4223 1080 4278 Valer.
1118 4225 1292 4292 Flacc.
1328 4224 1388 4278 Ι..
1413 4225 1510 4273 829
1557 4239 1606 4286 Ρ.
1646 4223 1743 4275 139
1788 4223 1894 4272 sive
1930 4221 2170 4273 Wernsd.
2218 4223 2381 4272 Lucil.
2423 4223 2581 4273 Aetn.

441 4311 538 4359 227
577 4325 626 4374 p.
668 4309 780 4360 136.
854 4310 1026 4358 Burm.
1069 4310 1185 4359 Val.
1225 4308 1323 4357 111.
1362 4308 1460 4358 225
1497 4323 1545 4372 p.
1585 4309 1685 4358 263
1723 4307 1785 4359 cf.
1826 4307 2091 4360 claudian.
2127 4308 2226 4358 ΙΙΙ.
2266 4306 2419 4358 Cous.
2448 4307 2579 4360 Hon.
