3234 4967
637 424 721 490 96
1492 487 1499 494 ,
1556 428 1789 481 Αᾱιιοι.
1829 428 1911 481 58.

634 632 860 699 fuisse:
908 630 1355 719 „rependens
1387 670 1475 681 —-
1506 631 1776 699 divide“
1825 632 1912 698 cf.
1959 633 2166 701 Theb.
2218 633 2342 699 IX.
2400 634 2525 699 891
2577 636 2787 703 invita

635 738 925 827 capessi
971 734 1195 803 Arma.
1244 736 1423 825 vulg.
1471 760 1876 826 capessens.
1925 739 2118 807 codd.
2183 730 2499 829 capesse.
2593 742 2795 808 Nimi-

633 867 778 909 rum
824 854 892 909 et
936 844 1043 909 hic
1090 852 1158 910 et
1186 845 1360 909 infra
1403 868 1463 909 v.
1511 842 1599 910 82
1633 846 2011 929 extiterunt,
2063 847 2175 935 qui
2227 844 2313 911 ad
2361 846 2576 913 Servii
2607 868 2792 935 prae·
2830 886 2837 891 -

634 959 898 1040 ceptum
958 972 1027 1016 se
1084 960 1551 1039 componerent
1606 950 1808 1017 hocce
1855 949 2018 1017 Aen.
2091 952 2208 1017 ΙΙΙ.
2289 952 2422 1017 300
2489 976 2554 1041 p.
2627 954 2790 1019 212:

635 1056 1055 1140 „Notandum
1100 1080 1259 1123 sane
1318 1056 1571 1123 finitum
1630 1078 1770 1123 esse
1825 1080 2087 1123 versum
2149 1058 2504 1146 participio
2521 1108 2540 1143 ‚
2612 1060 2790 1149 quod

634 1183 855 1228 rarum
902 1160 1079 1250 apud
1134 1161 1409 1229 Latinos
1456 1171 1555 1227 est
1570 1166 1637 1246 ‚“
1707 1162 1790 1230 de
1847 1186 1974 1253 quo
2043 1172 2428 1254 praecepto
2477 1165 2636 1253 quid
2706 1166 2788 1231 sit

634 1266 1049 1335 statuendum
1096 1267 1321 1335 dicunt
1367 1268 1770 1336 Schraderus
1829 1269 2183 1337 Animadv.
2248 1270 2332 1337 ad
2378 1270 2549 1336 Mus.
2598 1292 2654 1337 c.
2702 1272 2784 1336 11.

632 1400 693 1465 p.
748 1376 873 1441 133
919 1398 1015 1463 sq.
1064 1383 1130 1443 et
1174 1374 1569 1441 Arntzenius
1615 1374 1839 1443 Sedul.
1887 1376 1943 1441 Ι.
1994 1378 2070 1441 11
2123 1400 2198 1465 p.
2251 1376 2336 1444 35
2395 1379 2476 1443 cf.
2523 1375 2679 1445 silv.
2728 1378 2782 1442 I.

631 1483 697 1566 4,
750 1482 873 1547 118
921 1481 1285 1547 haerens.
1332 1481 1423 1547 II.
1478 1483 1535 1565 1,
1584 1482 1668 1548 37
1719 1504 2156 1570 quaerens.
2191 1483 2256 1567 4,
2311 1484 2386 1547 11
2440 1481 2782 1569 fulgens.

632 1587 753 1655 III.
805 1589 865 1671 1,
912 1586 997 1652 67
1048 1586 1393 1654 discens.
1442 1588 1561 1654 IV.
1596 1589 1660 1673 6,
1708 1588 1795 1654 55
1843 1588 2223 1675 gaudenS.
2271 1589 2354 1655 V.
2403 1590 2466 1673 2,
2515 1589 2601 1654 65
2654 1587 2787 1654 lin-

634 1716 899 1783 quens.
953 1694 1077 1759 118
1126 1716 1536 1783 quassans.
1584 1696 1647 1777 3,
1699 1695 1782 1760 29
1831 1704 2259 1778 retexens,
2323 1704 2394 1759 ut
2444 1693 2650 1760 Theb.
2699 1694 2781 1759 V.

633 1802 785 1865 296.
830 1800 1058 1865 HeinS.
1108 1799 1452 1866 claudian.
1499 1800 1579 1865 B.
1614 1798 1792 1866 Gild.
1839 1801 1969 1866 325
2012 1824 2078 1889 p.
2129 1802 2280 1867 226.
2372 1798 2575 1866 Theb.
2626 1800 2782 1867 XIl.

634 1906 765 1971 604
810 1928 1243 1995 campumque
1290 1905 1733 1972 lacessens.
1805 1906 1964 1973 688;
2031 1906 2386 1995 fictumque
2457 1929 2536 1972 ac
2593 1906 2782 1972 triste

634 2010 1035 2078 renidens.
1082 2011 1195 2078 VI.
1244 2012 1373 2078 666
1419 2012 1846 2100 refulgens.
1907 2012 2091 2078 VlII.
2141 2012 2269 2079 633
2316 2034 2783 2102 reposcens.

634 2117 752 2182 XI.
835 2118 917 2183 10
992 2114 1495 2207 relinquens.
1617 2116 1856 2183 Achill.
1932 2117 2016 2183 Il.
2106 2117 2238 2183 254
2312 2127 2772 2206 reportans.

635 2222 875 2289 Catull.
923 2222 1029 2307 64,
1063 2224 1192 2290 313
1217 2233 1642 2313 torquens.
1675 2224 1806 2290 323
1840 2246 2166 2310 augens.
2199 2225 2350 2290 376.
2401 2225 2529 2292 387
2577 2225 2784 2290 revi-

636 2352 837 2402 sens.
888 2328 1085 2397 Ovid.
1135 2329 1293 2396 Met.
1351 2330 1440 2395 X.
1488 2329 1617 2396 359
1666 2328 2029 2396 haerens.
2083 2331 2210 2396 391
2260 2329 2598 2397 nudans.
2650 2328 2780 2395 558

638 2434 1046 2503 renidens.
1139 2433 1288 2502 Vas.
1321 2433 1540 2502 Flacc.
1572 2435 1628 2500 Ι.
1667 2436 1790 2502 163
1827 2438 2203 2526 jungens.
2239 2437 2369 2502 660
2400 2436 2778 2524 gaudens.

637 2542 762 2607 777
817 2540 1233 2609 anhelans.
1283 2541 1408 2607 841
1460 2564 1857 2630 quassans
1903 2540 2052 2631 (ΠΙ.
2106 2540 2308 2632 124).·
2343 2542 2416 2607 11.
2468 2542 2594 2608 211
2661 2547 2786 2627 ge'·

637 2656 885 2713 stans.
934 2646 1064 2712 255
1110 2645 1472 2713 tendens.
1523 2646 1642 2711 ΙΙΙ.
1691 2645 1776 2712 59
1821 2645 2228 2736 linquens.
2278 2646 2363 2711 66
2412 2668 2783 2715 cernens.

642 2753 767 2819 106
813 2752 1216 2819 mandens.
1278 2754 1401 2819 127
1462 2756 1900 2842 requirens.
1962 2754 2091 2820 407
2151 2756 2606 2821 remittens.
2653 2754 2781 2819 547

637 2859 1059 2925 resistens.
1174 2858 1421 2926 Lucan.
1493 2859 1539 2924 Ι.
1585 2861 1738 2927 ·137
1789 2848 2143 2947 gestans.
2220 2860 2344 2926 138
2414 2859 2785 2927 haerens.

643 2965 769 3031 156
805 2974 1261 3032 revertens.
1298 2966 1423 3031 193
1456 2986 1880 3031 coercens.
1918 2964 2028 3033 Sil.
2077 2964 2218 3032 Vn.
2270 2965 2397 3031 144
2425 2965 2784 3034 vibrans.

642 3072 770 3138 407
833 3070 1347 3161 relinquens.
1416 3070 1547 3138 570
1620 3070 1960 3160 pollens.
2032 3071 2164 3137 590
2231 3073 2585 3160 cingens.
2635 3072 2784 3139 702.

636 3177 1139 3246 tremiscens.
1234 3176 1465 3244 Manil.
1513 3178 1561 3243 1.
1610 3178 1762 3244 263.
1811 3176 1961 3243 405.
2010 3176 2162 3243 408.
2221 3176 2375 3245 513.
2431 3178 2583 3247 582.
2631 3178 2784 3247 655.

639 3283 791 3350 660.
841 3284 989 3352 704.
1038 3284 1190 3351 858.
1304 3282 1647 3351 Claudian.
1701 3282 1780 3349 B.
1841 3282 1992 3350 Get.
2053 3283 2159 3349 65.
2207 3282 2318 3350 Vl.
2368 3284 2562 3352 Cons.
2612 3284 2784 3352 Hon-

640 3390 796 3456 418.
842 3389 996 3457 485.
1044 3390 1121 3458 R.
1168 3390 1355 3457 Pros.
1399 3390 1456 3456 Ι.
1510 3390 1657 3457 173.
1750 3389 2120 3457 Nemesian.
2170 3390 2377 3457 Laud.
2431 3391 2631 3459 Herc.
2683 3392 2786 3457 16.

638 3494 863 3563 Sidon.
908 3494 1195 3587 Apollin.
1253 3496 1331 3563 ll.
1380 3497 1488 3563 87.
1534 3498 1642 3563 91.
1689 3498 1796 3563 92.
1849 3496 2195 3565 151.153.
2289 3498 2558 3590 Ooripp.
2615 3498 2786 3566 Just.
2853 3572 2863 3581 ‚

635 3603 683 3668 Ι.
732 3604 837 3670 89.
893 3603 1041 3670 124.
1096 3603 1243 3669 145.
1298 3602 1443 3670 155.
1491 3604 1643 3671 322.
1693 3601 1844 3672 353.
1902 3602 2053 3670 354.

814 3710 1110 3779 Tertium
1177 3719 1399 3776 autem
1480 3709 1606 3777 hoc
1681 3711 1924 3777 affero:
1993 3720 2270 3778 tantum
2303 3710 2532 3778 abesse
2593 3718 2666 3776 ut
2719 3711 2787 3776 in

642 3817 967 3908 principio
1052 3817 1335 3905 proximi
1409 3838 1642 3884 versus
1717 3816 2018 3885 voculam
2088 3816 2147 3884 Ο
2225 3814 2524 3906 (nimium
2600 3814 2788 3897 felix)

639 3924 923 4013 positam
990 3924 1124 4012 legi
1193 3932 1371 3990 recte
1445 3922 1622 3991 docti
1670 3948 1894 3993 omnes
1964 3925 2431 4009 consentiant,·
2475 3932 2551 3989 ut
2595 3945 2789 3990 unam

642 4028 996 4097 litterulam
1073 4029 1475 4119 intelligatur
1546 4053 1884 4121 superesse
1956 4032 2036 4098 de
2089 4040 2192 4098 'eo
2250 4032 2543 4114 nomine,
2616 4028 2788 4118 quod

642 4136 860 4203 fuerat
889 4158 1121 4201 more.
1182 4136 1285 4202 De
1344 4159 1475 4225 qua
1520 4160 1591 4204 re
1655 4159 1733 4205 eo
1779 4138 1992 4205 minus
2022 4146 2242 4226 potest
2275 4136 2580 4221 dubitari,
2614 4135 2788 4226 quod

643 4241 824 4309 istud
853 4242 1179 4308 nimium
1218 4241 1461 4332 (felix),
1508 4253 1581 4309 ut
1629 4244 1852 4311 adnot.
1887 4268 1949 4311 v.
1997 4245 2082 4309 59
2131 4243 2404 4328 dicetur,
2451 4241 2614 4310 falso
2647 4262 2789 4330 pro-

645 4349 853 4415 ditum
899 4357 1021 4413 est.
1110 4347 1343 4436 Itaque
1410 4372 1531 4438 pro
1602 4360 1782 4417 certo
1839 4350 2236 4418 affirmamus
2284 4374 2326 4415 a
2369 4349 2579 4415 Statio
2627 4348 2788 4415 haec

636 4456 834 4523 fuisse
890 4454 1162 4542 scripta:
