3234 4967
1373 386 1600 446 Adnol.
1639 388 1721 444 77.
2511 384 2630 451 ¹25

483 597 648 664 ridi
709 606 983 665 matrem
1043 595 1331 662 colam.“
1419 595 1565 661 Jac.
1632 596 1900 678 Quaest.
1949 593 2139 681 Epic.
2203 616 2267 681 Ρ.
2315 591 2432 675 51,
2489 590 2636 678 quis

484 714 585 770 est
614 704 770 792 quin
800 700 1169 769 concedat?
1258 700 1599 767 Accedere
1634 710 1852 767 autem
1884 699 1968 766 ad
2001 701 2140 788 ejus
2173 694 2632 786 supplementi,

484 808 663 897 quod
722 808 1183 897 quaesivimus,
1244 808 1553 874 viciniam
1614 804 2108 895 suppositicium
2167 801 2345 869 istud
2416 801 2494 888 ip
2509 824 2538 867 s
2557 822 2638 865 os

484 913 778 981 declarat
833 916 1011 981 facta
1062 914 1296 980 horum
1354 913 1648 980 locorum
1707 914 2076 979 contentio:
2147 907 2490 977 Claudian.
2549 908 2632 973 R.

482 1020 666 1087 Pros.
712 1022 813 1087 ΙΙΙ.
863 1022 989 1088 237
1039 1020 1339 1088 mortifer
1394 1019 1530 1087 ille
1578 1018 1808 1111 (Ovid.
1857 1017 2008 1084 Am.
2058 1016 2160 1083 ΙΙΙ.
2211 1017 2272 1099 7,
2326 1015 2405 1079 18
2453 1014 2638 1101 ipsa

472 1129 769 1215 juventa.
826 1128 1027 1193 Bern.
1085 1128 1267 1193 ista.
1314 1125 1481 1193 Plin.
1531 1127 1694 1191 Pan.
1739 1124 1861 1208 44,
1922 1126 1983 1190 3.
2034 1123 2273 1189 Nazar.
2319 1122 2482 1187 Pan.
2527 1119 2634 1202 28,

489 1236 547 1297 1.
604 1232 816 1300 Drak.
872 1232 985 1301 Sil.
1049 1233 1163 1299 Vl.
1226 1230 1359 1299 309
1414 1256 1479 1321 Ρ.
1540 1230 1726 1320 310).
1775 1229 1920 1295 cod.
1971 1228 2158 1295 Olav.
2208 1248 2366 1294 vere
2415 1234 2640 1292 estus

438 1339 590 1428 ·(ut
646 1337 827 1427 apud
887 1336 1220 1405 Catullum
1280 1338 1397 1421 97,
1462 1337 1500 1403 ‘1
1560 1334 1902 1422 Sangerm.
1950 1334 2104 1399 Dat.
2153 1334 2346 1399 Laur.
2393 1330 2642 1420 estu).

484 1446 617 1511 400
661 1448 917 1533 ignes.
948 1444 1156 1511 Pulm.
1204 1454 1509 1511 aestus.
1555 1443 1638 1509 B.
1672 1440 1847 1509 Gild.
1894 1442 2020 1508 317
2057 1449 2354 1506 aestus.
2387 1437 2640 1503 Lovan.

483 1554 716 1618 ictus.
780 1552 1003 1617 Burm.
1069 1550 1273 1617 Anth.
1330 1550 1477 1616 Lat.
1536 1550 1621 1615 V.
1687 1549 1835 1633 114,
1896 1548 1978 1613 21
2043 1570 2105 1635 p.
2161 1545 2290 1611 389
2340 1568 2438 1632 sq.
2485 1542 2640 1610 add.

487 1657 781 1747 Oonject.
830 1658 1014 1723 XIV.
1106 1657 1317 1724 Usum
1376 1665 1597 1722 autem
1642 1654 1825 1721 vocis
1885 1661 2169 1718 aestus
2215 1650 2318 1717 his
2364 1648 2638 1716 definire

485 1786 563 1831 ac
621 1763 901 1853 probare
959 1762 1145 1833 licet:
1207 1762 1411 1829 Theb.
1467 1762 1594 1828 III.
1649 1760 1730 1826 18
1777 1758 1958 1851 (Val.
2006 1757 2226 1824 Flacc.
2275 1756 2380 1821 ln.
2431 1754 2631 1844 (ΥΠ).

485 1872 671 1935 vario
730 1870 825 1936 sic
882 1868 1265 1936 turbidus
1328 1877 1557 1935 aestu
1621 1865 1809 1956 (silv.
1868 1866 1994 1931 III.
2047 1868 2106 1949 1,
2153 1864 2240 1931 39
2287 1871 2356 1927 et
2399 1860 2514 1929 Sil.
2565 1861 2639 1926 ΙΙ.

487 1976 639 2040 619.
685 1975 805 2042 ΙΧ.
853 1976 939 2041 23
1000 1974 1301 2041 turbidus
1360 1972 1549 2063 ira).
1643 1972 1891 2039 Lucan.
1938 1970 2058 2036 VI.
2119 1970 2234 2036 632
2294 1968 2642 2033 Aestuat

489 2092 771 2167 angusta
828 2079 1097 2147 rabies
1158 2078 1370 2146 civilis
1417 2101 1639 2145 arena.
1731 2079 1928 2166 Prop.
1975 2077 2082 2141 ΙΙΙ.
2130 2077 2237 2160 23,
2291 2076 2368 2140 17
2386 2096 2400 2138 t
2446 2072 2636 2139 Nunc

489 2187 747 2253 demum
805 2196 995 2254 vasto
1022 2187 1213 2253 ‘fessi
1269 2185 1710 2273 resipiscimus
1770 2204 1857 2249 ae
1877 2206 1907 2247 s
1921 2191 1950 2246 t
1965 2204 2025 2246 u.
2123 2179 2399 2263 Quintil.
2449 2178 2635 2245 Decl.

486 2292 568 2359 V.
616 2293 661 2357 4
707 2315 772 2380 Ρ.
814 2293 983 2358 108:
1032 2293 1204 2357 inter
1247 2290 1395 2357 illos
1442 2286 1942 2377 inexplicabiles
1988 2286 2306 2353 doloris
2352 2296 2640 2351 aestus.

490 2396 861 2483 Schulting.
906 2397 1024 2463 IV.
1075 2397 1155 2464 21
1207 2420 1272 2485 Ρ.
1324 2397 1470 2462 102.
1517 2392 1717 2483 Apul.
1759 2394 1917 2459 Met.
1951 2394 2033 2459 V.
2083 2416 2145 2481 p.
2195 2392 2358 2461 358:
2407 2400 2634 2457 aestu

486 2502 706 2591 pelagi
764 2503 969 2569 simile
1032 2502 1466 2571 moerendo
1527 2500 1906 2567 fluctuat.
2020 2499 2162 2564 Bul.
2214 2497 2363 2565 Val.
2414 2496 2634 2565 Flacc.

490 2611 594 2675 ΙΙΙ.
642 2608 775 2674 365
828 2632 895 2697 Ρ.
956 2609 1111 2674 279.
1203 2608 1505 2696 Denique
1564 2606 1770 2695 liquet
1828 2626 2090 2671 causam
2161 2613 2228 2670 et
2296 2604 2637 2675 omittendi

486 2736 715 2781 vocem
785 2724 1021 2789 aestu
1090 2723 1159 2780 et
1224 2712 1549 2783 inferendi
1616 2710 1781 2779 illud
1836 2714 2062 2800 ipsos
2123 2734 2209 2778 ex
2271 2732 2350 2777 eo
2413 2712 2636 2796 fuisse,

487 2820 662 2906 quod
709 2822 777 2885 in
822 2819 995 2886 hunc
1040 2818 1256 2885 locum
1301 2816 1598 2886 nonnulli
1641 2816 1714 2883 id
1759 2818 2273 2902 transtulissent,
2328 2818 2508 2907 quod
2552 2818 2639 2883 le-

486 2927 666 3011 gitur
704 2926 789 2993 V.
836 2928 897 3011 3,
948 2926 1066 2992 69:
1112 2926 1400 3013 Superos
1448 2934 1517 2991 et
1560 2925 1842 2991 Tartara
1885 2922 2194 3013 pulsem
2242 2923 2642 2990 Invidia.“

1440 3178 1527 3261 V.
1588 3180 1701 3260 79.

670 3340 901 3407 Nonne
949 3362 1208 3428 gemam
1236 3350 1346 3426 te,
1394 3363 1576 3409 care
1607 3362 1847 3432 puer,
1881 3362 2030 3431 quo
2063 3344 2371 3432 sospite
2404 3347 2643 3409 natos

489 3445 916 3535 Concupii.
1018 3447 1129 3514 Sic
1183 3448 1241 3513 is
1299 3470 1527 3515 versus
1584 3449 1866 3538 scriptus
1922 3450 2268 3537 reperitur.
2359 3447 2455 3514 At
2511 3447 2644 3513 Do-

485 3553 730 3620 mitius:
778 3554 903 3638 „in
955 3552 1099 3619 aliis
1146 3553 1513 3640 codicibus,
1560 3556 1793 3643 inquit,
1840 3555 2152 3621 mendose
2199 3553 2444 3643 legitur
2488 3575 2640 3643 quo

488 3660 802 3749 sospite
864 3668 1104 3727 natos
1168 3662 1581 3749 concupii3
1639 3682 1760 3727 nos
1803 3684 1964 3729 vero
2025 3684 2181 3728 non
2226 3662 2445 3748 cupii
2489 3658 2644 3747 legi·

484 3787 649 3849 mus,
696 3775 771 3832 ut
817 3764 995 3833 dicat
1040 3774 1105 3832 te
1154 3767 1398 3853 sospite
1444 3788 1578 3832 non
1627 3766 2082 3835 desiderabam
2125 3766 2288 3833 alios
2319 3765 2523 3832 filiost
2567 3774 2644 3831 tu

486 3872 660 3937 enim
706 3892 875 3938 unus
922 3873 1080 3938 satis
1130 3893 1278 3939 cras
1324 3882 1391 3939 et
1421 3882 1487 3939 te
1518 3872 1658 3940 solo
1690 3872 2004 3963 adoptivo
2035 3895 2214 3938 eram
2245 3876 2641 3939 contentus“

484 3986 975 4067 parueruntque
1033 3979 1174 4067 ejus
1236 3979 1611 4045 auctoritati
1669 4000 1816 4045 cum
1878 4002 2101 4045 omnes
2147 3988 2286 4045 tum
2346 3978 2471 4047 hoc
2533 3978 2642 4047 ad-

485 4083 625 4149 dito
655 4082 1005 4151 verborum
1053 4083 1331 4156 honore:
1380 4086 1565 4171 „Pro
1610 4106 1776 4151 non
1821 4087 2044 4174 cupii
2073 4086 2287 4151 Parm.
2321 4096 2388 4151 et
2418 4086 2640 4152 Domi·

485 4190 559 4255 tii
604 4189 866 4255 codices
896 4190 951 4256 C
970 4192 1337 4278 oncupii,
1383 4190 1555 4257 unde
1588 4190 1698 4257 ille
1727 4191 1896 4258 bene
1929 4192 2310 4259 emendavit
2327 4198 2368 4232 “
2415 4192 2643 4259 Mark-

483 4295 739 4361 landus.
829 4295 1015 4362 Idem
1063 4298 1265 4363 sentit
1310 4296 1665 4379 Queckius.
1742 4296 1972 4385 Neque
2019 4298 2086 4365 in
2133 4320 2372 4385 magno
2417 4295 2640 4386 aliquo

488 4402 859 4469 discrimine
918 4401 1292 4492 ponendum
1352 4410 1549 4491 puto,
1612 4401 1789 4491 quod
1836 4403 2140 4469 lmhofius
2187 4406 2313 4487 „in
2374 4403 2639 4493 plenum
