3234 4967
662 427 763 477 200
1522 426 1810 491 ConJect.
1849 426 1945 479 XI.

661 595 762 646 Ubi
809 596 1063 661 Hauptius
1110 596 1296 647 Relatt.
1342 600 1557 648 Menstr.
1596 598 1758 649 Acad.
1795 599 1966 651 Berol.
2010 602 2137 652 1858
2187 616 2236 665 p.
2275 602 2373 651 662
2414 598 2669 670 ‘Scaligeri
2716 604 2791 653 in-

661 690 863 731 ventum
899 680 1179 731 Vixerat
1214 684 1285 732 sic
1321 684 1682 734 immutandum
1721 686 1892 743 duxit,
1944 693 2002 734 ut
2045 686 2180 736 hanc
2228 688 2269 737 is
2323 703 2494 737 versus
2549 690 2794 754 reciperet

662 766 898 817 sormam:
937 774 1085 831 septa
1110 773 1314 818 caterva
1350 766 1537 817 Vixit
1574 777 1820 833 eratque
1849 770 2013 819 animo
2041 773 2276 821 meretrix
2297 772 2490 834 jactata
2515 772 2786 825 serarum.“

663 854 780 915 Quo
816 853 1153 916 inelegantius
1192 850 1335 916 (quid
1382 855 1512 903 enim
1563 855 1723 905 levius
1769 854 1995 917 dicam‘2)
2041 858 2167 907 nihil
2216 853 2368 907 scribi
2414 860 2590 923 potuit.
2662 858 2791 909 Nam

663 954 775 988 cum
814 938 943 999 alia,
998 952 1127 1000 quae
1164 940 1375 1002 exsequi
1407 938 1511 1001 jam
1548 956 1726 1005 purum
1763 942 1963 1003 attinet,
2021 944 2412 1008 reprehensione
2456 959 2558 993 non
2603 952 2791 1004 carent,

661 1032 766 1073 tum
803 1019 945 1084 ill.,ud
982 1024 1115 1085 quod
1156 1020 1333 1088 Scylla
1368 1024 1552 1074 dicitur
1598 1024 1869 1077 ferarum
1925 1029 2090 1077 animo
2138 1029 2345 1092 jactata.
2420 1028 2570 1089 Quod
2628 1030 2791 1093 ipsum

662 1126 726 1159 ne
762 1117 1100 1174 r,epeteretur
1145 1111 1425 1159 cavendum
1463 1111 1556 1159 sibi
1593 1118 1858 1175 putaverat
1893 1112 2238 1175 Burmannus,
2290 1130 2435 1178 quem
2473 1130 2621 1164 nemo
2657 1130 2791 1164 com-

662 1202 855 1260 pertum
912 1194 1087 1243 habuit
1130 1194 1183 1242 in
1232 1192 1603 1247 Ovid.1b.14
1639 1213 1686 1262 p.
1723 1178 1785 1246 '2'1
1835 1197 1924 1261 (cf.
1977 1198 2169 1249 Lucan.
2208 1198 2248 1253 Ι.
2287 1200 2386 1249 267
2425 1216 2472 1264 p
2501 1198 2591 1263 30)
2643 1201 2794 1264 hujus

663 1280 986 1330 correctionis
1012 1280 1268 1330 exstitisse
1294 1287 1572 1331 auctorem:
1614 1289 1794 1345 „atque
1821 1298 2043 1334 canum
2069 1285 2309 1334 meretrix
2328 1284 2518 1346 jactata
2542 1285 2788 1335 ferarum“

662 1364 829 1416 factae
866 1368 918 1416 in
956 1364 1115 1416 hanc
1121 1368 1443 1418 sententiam:
1494 1368 1599 1429 „ab
1622 1368 1866 1418 omnibus
1895 1369 2104 1433 p’ublice
2132 1371 2286 1419 zdictzt
2329 1371 2567 1419 meretrix
2611 1386 2792 1421 eanum

662 1450 880 1503 ferarum
915 1453 968 1501 id
1007 1459 1083 1501 est
1110 1452 1352 1515 juvenum
1394 1454 1806 1504 maledicorum.“
1878 1454 2198 1521 Quamquam
2246 1470 2353 1505 eam
2405 1464 2452 1505 et
2495 1457 2792 1506 sententiam

662 1547 715 1586 et
752 1538 1030 1587 orationem
1068 1530 1275 1587 omnino
1313 1532 1692 1603 improbandam
1731 1555 1839 1589 esse
1878 1548 1928 1589 et
1961 1527 2110 1590 facile
2147 1526 2444 1604 intelligitur
2481 1548 2532 1589 et
2556 1541 2792 1592 subtilius

660 1624 855 1672 dicetur
890 1623 941 1671 in
1002 1625 1367 1673 comment-ariis
1403 1624 1554 1687 Eleg:
1588 1626 1654 1673 all
1690 1613 1920 1674 Messall.
1959 1627 2038 1689 19,
2087 1626 2624 1689 qun'Lachmsannum·
2659 1628 2793 1676 evin-

662 1724 831 1757 cemus
856 1720 957 1758 non
986 1712 1137 1759 niodo
1156 1701 1488 1760 dissimillima
1510 1711 1563 1759 in
1584 1709 1736 1775 Prop
1742 1710 1808 1761 V.
1829 1712 1876 1771 5,
1896 1713 1962 1763 45
1981 1728 2030 1775 p.
2051 1712 2150 1763 365
2169 1727 2406 1777 proposu
2394 1712 2508 1771 ’,393
2528 1712 2623 1761 sed
2645 1714 2792 1761 etiam

661 1794 711 1843 in
738 1794 779 1843 Ι.
793 1796 847 1854 5,
870 1797 930 1845 17
968 1812 1017 1859 p.
1038 1798 1101 1847 25
1140 1796 1384 1859 abjecisse
1421 1796 1710 1844 memoriam
1747 1796 1902 1861 ipsius
1939 1796 2191 1861 Propertii
2228 1796 2270 1846 1.
2309 1800 2364 1858 8,·
2392 1798 2482 1847 293
2521 1794 2694 1873 Cogor
2730 1800 2791 1846 ad

662 1887 868 1943 argutos
894 1881 1108 1931 dicere
1144 1882 1283 1931 solus
1312 1882 1464 1929 sves“
1502 1879 1814 1945 Catonisque
1839 1882 1948 1933 Dir.
1987 1884 2040 1931 8:
2078 1882 2338 1931 Montibus
2363 1894 2412 1931 et
2435 1883 2572 1932 silvis
2596 1884 2792 1933 dicam

661 1973 749 2014 tua
783 1964 942 2028 facta,
989 1966 1261 2031 Lycurge“
1308 1964 1369 2019 cf
1410 1965 1702 2031 Hieronym
1742 1966 1866 2015 Vid.
1903 1966 2084 2031 Eclog.
2117 1966 2218 2019 ΙΙΙ,
2257 1984 2304 2033 p.
2302 1965 2498 2017 1408:
2530 1968 2794 2019 Montibus

662 2062 711 2099 et
746 2050 870 2101 solis
906 2051 1106 2101 dicam
1144 2066 1253 2101 mea
1289 2052 1513 2100 carmina
1548 2052 1738 2101 silvis.“
1812 2052 1912 2103 Sed
1951 2051 2081 2103 Ciris
2119 2054 2335 2117 scriptor
2368 2052 2586 2101 dubitari
2623 2052 2796 2117 nequit

662 2137 784 2201 quin
820 2136 1045 2203 Scyllam
1082 2138 1272 2186 dixerit
1308 2138 1617 2187 meretricem
1665 2153 1826 2203 usque
1865 2139 1927 2188 ad
1967 2138 2183 2189 serarum
2221 2139 2478 2189 licentiam
2527 2147 2578 2188 ct
2632 2154 2794 2189 mores

622 2269 625 2271 ,
662 2222 983 2273 dissolutam:

1353 2309 1595 2372 juvenum
1636 2311 1770 2373 quod
1805 2318 1946 2375 septa
1983 2318 2187 2359 caterva

906 2390 1181 2443 “vixerat
1214 2396 1401 2458 adque
1436 2382 1678 2445 anim'um
1717 2396 1954 2446 meretrix
1987 2397 2210 2445 laxata
2245 2394 2483 2457 ferarum,
2555 2418 2559 2423 ⁴
2609 2403 2612 2409 '
2666 2384 2670 2389 ⁵

664 2490 721 2529 nt
756 2482 891 2545 apud
918 2481 1146 2531 'Statium
1184 2490 1264 2531 est
1288 2480 1539 2541 Silw.1.4‚
1562 2484 1650 2531 75:
1687 2482 1748 2529 in
1785 2482 1910 2531 otia
1935 2482 2244 2532 Permissum
2281 2482 2792 2537 laxare‘animos.

663 2566 822 2617 Theb.
863 2566 985 2616 VII.
1025 2568 1113 2616 30:
1160 2564 1338 2616 effreni
1385 2567 1679 2615 laxentur
1721 2568 1783 2615 in
1830 2568 1962 2616 otia
2015 2582 2226 2617 mores
2269 2567 2496 2619 cf.5801
2548 2566 2602 2615 in
2637 2565 2793 2616 furias

662 2652 1058 2714 animumque
1104 2652 1269 2701 redire
1306 2653 1522 2717 priorem
1559 2651 1786 2717 Impellit
1829 2651 2033 2717 (tigres)
2071 2662 2143 2761 eta
2155 2652 2492 2702 Claudianum
2530 2651 2680 2717 Idyll.
2721 2652 2788 2701 V.

662 2727 758 2786 233·
788 2732 985 2798 Venus,
1020 2726 1267 2787 humanas
1306 2748 1434 2801 quae
1470 2733 1643 2787 l‘axat
1676 2739 1736 2787 in
1774 2724 1913 2787 otia
1951 2736 2143 2787 curasf‘
2167 2725 2354 2787 Prob.
2393 2745 2444 2787 et
2470 2736 2656 2803 Olybr.¹
2675 2740 2794 2790 152:

662 2838 755 2871 nec
798 2830 939 2871 tanta
972 2823 1177 2873 licentia
1212 2823 1345 2871 vitae
1382 2822 1603 2888 Abi-ipit,
1643 2831 1718 2872 ut
1735 2830 1933 2873 mores
1971 2830 2110 2873 aetas
2145 2824 2337 2874 lasciva
2374 2822 2662 2875 relaxet.“
2730 2825 2790 2874 B.

662 2906 776 2959 Get.
804 2909 927 2959 366:
964 2906 1189 2957 Nuntius
1225 2908 1287 2957 in
1310 2908 1539 2957 luxum
1574 2907 1711 2959 falso
1748 2924 1947 2959 rumore
1984 2910 2265 2959 resolvit
2299 2908 2404 2971 (ubi
2433 2912 2572 2973 quod
2597 2910 2648 2958 in
2667 2910 2792 2959 Am*-

666 2993 801 3043 bros.
840 3008 941 3043 sec.
980 3001 1029 3043 et
1063 2993 1191 3043 Lov.
1231 3000 1328 3043 est:
1366 2994 1624 3057 luctum,
1661 2995 1916 3045 invenitur
1952 2996 2087 3060 apud
2116 2992 2399 3061 Josephum
2418 2997 2514 3048 133.
2553 2997 2648 3049 VI.
2673 2998 2794 3048 8523

661 3080 722 3129 In
758 3080 995 3130 luctum
1031 3079 1244 3129 Danaos
1278 3072 1446 3145 p'ietas‘
1478 3086 1684 3129 extorta
1717 3079 2025 3143 resolvit).
2081 3078 2161 3130 Cf.
2197 3079 2380 3132 Avieu.
2413 3080 2608 3133 Phaen.
2629 3082 2793 3135 Arat..

660 3166 783 3215 413:
819 3164 1027 3228 Aeque
1064 3158 1266 3215 seneen
1304 3158 1467 3231 eaput?
1488 3161 1771 3215 inclinatur.
1809 3167 1948 3229 vulg.
1989 3168 2176 3228 atque.
2211 3149 2434 3219 Matrem.
2471 3153 2568 3223 111'⁸
2601 3169 2686 3229 37,
2723 3170 2784 3217 2:

661 3250 857 3315 Atque
895 3250 1039 3300 nihil.
1075 3250 1225 3299 Voss
1264 3250 1464 3312 adque.
1496 3250 1664 3301 Drak.
1702 3250 1814 3301 Liv.
1853 3251 2004 3301 VIII.
2045 3254 2122 3310 17,
2163 3254 2207 3300 1
2227 3268 2276 3316 p.
2303 3254 2415 3303 159.
2451 3253 2616 3305 Hand.
2645 3252 2795 3308 Turs.

662 3336 707 3388 Ι.
744 3352 793 3401 p.
831 3336 945 3387 512.
1000 3336 1115 3386 add.
1160 3348 1211 3415 p.
1253 3338 1332 3385 87.
1389 3334 1477 3399 (cf.
1522 3334 1793 3389 Ermold
1834 3338 2018 3401 Nigell
2056 3336 2151 3391 IV.
2195 3339 2284 3386 17:
2339 3336 2562 3415 Pulcher
2612 3340 2798 3389 adest

661 3420 819 3473 facie“
858 3423 910 3471 id
947 3429 1046 3472 est:
1085 3410 1296 3485 pulcher
1330 3428 1391 3471 at
1428 3418 1547 3483 est‚“
1590 3424 1670 3471 cui
1711 3424 1873 3474 eidem
1908 3424 1964 3473 in
2001 3440 2062 3474 eo
2099 3424 2232 3499 loen,
2271 3438 2418 3487 quem
2444 3410 2556 3474 cum
2583 3420 2797 3475 Catonis

664 3507 801 3558 Dist.
837 3506 909 3557 11.
948 3506 1118 3559 Praes.
1156 3508 1187 3558 3
1226 3522 1527 3573 componere
1572 3524 1662 3558 nos
1708 3508 1839 3574 fugit
1875 3509 2084 3570 Quaest.
2135 3510 2198 3560 de
2238 3492 2453 3559 Aemilio
2488 3498 2667 3561 Macro
2705 3508 2796 3561 Ni-

664 3593 851 3644 candri
869 3594 1118 3643 imitatore
1153 3609 1203 3659 p.
1244 3597 1287 3656 1,
1325 3595 1367 3644 Ι
1408 3596 1491 3644 173
1529 3594 1585 3647 Si
1619 3594 1797 3656 Maro,
1838 3595 2000 3657 Naso,
2051 3594 2200 3656 C‘ato,
2250 3592 2488 3667 Flaccus,
2541 3593 2796 3657 Lucanus,

663 3679 929 3741 Homerus,
955 3680 1221 3730 Tullius
1250 3688 1299 3730 et
1324 3682 1533 3746 Macers
1548 3680 1731 3731 Cicero
1757 3682 1862 3731 sive
1887 3680 2070 3731 Plato“
2104 3677 2465 3753 restituendum
2494 3688 2572 3730 est
2590 3680 2796 3732 Silius

663 3749 726 3818 cf.
766 3765 955 3817 Solius
992 3766 1140 3819 Voss
1180 3767 1400 3821 Martial
1441 3767 1537 3817 XI.
1574 3769 1656 3828 49,
1697 3768 1744 3817 3.
1815 3756 2028 3845 Sillius
2067 3766 2238 3818 Berol.
2277 3750 2405 3839 VII.
2443 3768 2524 3828 63,
2563 3770 2608 3818 1.
2655 3767 2794 3831 Syl-

664 3850 761 3901 lius
796 3842 1035 3904 Han'nov
1074 3840 1289 3914 v1.e4‚
1331 3851 1433 3917 10).

798 3931 1147 4001 Ejusdemque
1184 3938 1419 3987 carminis
1456 3946 1630 3989 versus
1669 3941 1793 3989 208:
1831 3952 1836 3959 ’
1917 3934 1923 3941 ’

1256 4024 1565 4088 vigilumque
1601 4027 1782 4090 procul
1819 4025 2256 4089 custodia-primis
2337 4042 2344 4049 ·

1130 4108 1392 4161 Excubiae
1428 4110 1624 4161 foribus
1661 4111 1830 4160 studio
1861 4110 2162 4175 jactabat
2196 4112 2337 4161 inani
2407 4178 2412 4183 ⁸

662 4208 775 4243 cum
813 4182 1128 4245 omnes'tum
1167 4196 1445 4260 Hauptium
1482 4195 1664 4246 fefellit
1698 4192 1799 4247 hae
1835 4197 2030 4246 ratione
2069 4196 2460 4247 emaculandus:

1135 4282 1398 4331 Excubiae
1436 4281 1630 4332 foribus
1667 4278 1837 4332 studio
1872 4281 2150 4332 laxabat
2184 4283 2334 4337 inani,

666 4364 921 4416 Auctores
976 4367 1041 4416 do
1086 4364 1262 4415 Silium
1301 4364 1424 4417 VII.
1465 4369 1595 4417 318.-
1647 4366 1780 4416 Tum
1836 4376 2024 4417 terrore
2077 4379 2211 4419 novo
2263 4367 2490 4433 trepidus
2545 4367 2800 4419 laxabit

666 4452 861 4515 iniquas
888 4450 1072 4501 Custos
1112 4452 1443 4502 excubias“
1484 4461 1534 4501 et
1568 4454 1870 4503 Petronium
1893 4456 1987 4502 112
2009 4468 2055 4518 p.
2079 4455 2200 4503 674:
2237 4460 2297 4503 'ut
2334 4453 2570 4502 viderunt
2605 4454 2795 4501 laxa-
