3234 4967
1245 392 1542 455 Gonject.
1580 390 1729 442 XIV.
2456 390 2555 439 215

419 585 469 633 Ρ.
507 568 634 628 243,
667 567 830 617 verba
864 565 1081 615 Erebo
1131 569 1338 614 movet
1391 568 1554 611 autem
1611 559 2044 625 comparationem
2099 560 2287 609 habent
2340 566 2391 629 et
2444 574 2557 609 cum

420 668 569 703 versu
604 653 672 705 X.
711 654 836 703 831:
889 651 998 701 sive
1032 650 1120 699 ille
1155 648 1408 715 profunda
1443 647 1679 696 Missus
1716 651 1901 693 noete
1938 642 2111 693 suror“
2159 651 2210 693 et
2256 660 2369 695 cum
2406 659 2559 695 versu

423 736 488 785 V.
529 740 618 787 75:
666 736 868 801 fugistis
907 734 1150 797 Amores,
1185 733 1402 783 Motus
1438 731 1669 795 Hymen“
1724 728 1815 793 (cf.
1852 728 2038 779 Boeth.
2078 726 2229 783 Cous,
2278 729 2411 779 Phil.
2448 728 2490 779 Ι.
2526 731 2561 777 4

369 852 376 857 ·
424 839 475 887 p.
497 824 612 872 628.
635 822 724 871 A.:
763 821 1056 885 quingentis
1093 818 1202 869 fere
1227 832 1465 882 passuum
1493 818 1695 865 milibus
1731 813 1909 879 procul
1947 812 2185 876 moti“).
2221 813 2318 863 IV.
2341 815 2422 864 35.
2440 815 2559 863 495.

425 904 691 957 claudian.
727 907 786 955 R.
825 906 970 957 Pros.
1008 906 1050 955 Ι.
1087 905 1179 953 41:
1215 905 1279 952 ad
1319 910 1490 951 castra
1522 909 1727 951 movet
1771 898 1863 963 (al.
1902 896 2126 962 vocat)
2167 898 2413 963 pallentia
2448 898 2560 948 Ma-

425 991 563 1041 nes.“
633 989 751 1041 Rus.
789 991 861 1043 11.
903 992 1017 1041 150.
1055 988 1174 1037 ναι.
1209 987 1384 1037 mace.
1422 985 1504 1035 v1
1556 988 1641 1035 πο.
1712 982 1853 1035 cort.
1893 968 2089 1035 Luc'an.
2126 983 2167 1033 1.
2206 984 2320 1033 565.
2358 1000 2407 1047 p.
2450 986 2562 1033 148.

559 1074 758 1125 Verum
811 1076 1034 1125 nondum
1091 1072 1413 1125 absolvimus.
1485 1070 1741 1131 Quoniam
1796 1071 1923 1119 enim
1978 1070 2123 1119 nullo
2171 1075 2321 1133 pacto
2358 1069 2562 1133 probari

425 1167 592 1225 potest
627 1157 930 1218 emendati0‚
968 1173 1098 1221 quae
1135 1159 1185 1206 in
1223 1158 1382 1206 altera
1401 1169 1574 1203 versus
1611 1163 1786 1218 parte:
1822 1154 1971 1203 finxit
2004 1153 2053 1203 in
2092 1161 2237 1204 astu
2274 1152 2567 1214 (finxerat

427 1252 611 1294 aestu
665 1246 810 1293 codd.
858 1243 1032 1296 Barth.
1083 1241 1144 1295 cs,
1183 1241 1424 1293 Wernsd.
1464 1241 1570 1288 Ine.
1608 1240 1673 1287 de
1710 1238 1849 1289 Fort.
1888 1239 2069 1289 Viciss.
2110 1240 2140 1288 3
2177 1254 2224 1303 p.
2265 1238 2387 1304 242)
2444 1255 2564 1303 pro-

428 1329 594 1393 posita
628 1343 658 1375 a
695 1328 900 1378 Kochio
937 1329 970 1377 1.
1007 1328 1053 1375 d.
1092 1342 1140 1391 p.
1179 1329 1236 1375 8:
1286 1326 1437 1375 finxit
1470 1326 1534 1375 in
1568 1323 1789 1373 usum“
1846 1324 1974 1372 nihil
2021 1324 2177 1373 habet
2205 1323 2331 1391 justi
2366 1324 2563 1373 artificii

429 1410 522 1474 (cf.
561 1412 772 1473 Quintil.
810 1413 960 1463 Deel.
997 1414 1037 1461 Ι.
1077 1413 1140 1461 14
1175 1427 1222 1475 p.
1242 1412 1333 1461 33:
1369 1409 1627 1473 fingere
1664 1410 1739 1458 ad
1775 1406 2101 1472 tempus“),
2134 1407 2427 1457 faciendum
2467 1419 2565 1468 est,

433 1503 488 1546 ut
523 1499 662 1559 quod
699 1498 887 1561 legitur
923 1498 1058 1561 apud
1097 1494 1320 1546 Gellium
1355 1495 1504 1549 XIV.
1545 1499 1572 1544 1
1610 1512 1661 1560 p.
1700 1496 1800 1545 209
1837 1492 2021 1544 com-‚z
2060 1494 2336 1556 codemque
2374 1506 2563 1558 genere

431 1582 612 1631 mortis
661 1583 938 1646 eodemque
990 1582 1122 1637 ictu
1175 1582 1488 1645 temporis
1541 1580 1759 1629 universi
1814 1580 1958 1629 simul
2014 1578 2321 1639 interirent“‚
2377 1575 2562 1641 exiguo

431 1674 634 1727 conat-u,
671 1674 729 1716 ut
763 1667 1002 1732 apparuit
1037 1668 1157 1717 adn.
1195 1666 1306 1719 Ecl.
1347 1681 1392 1718 v,
1433 1668 1513 1724 77,
1547 1666 1922 1729 redintegretur
1954 1666 2007 1713 in
2044 1665 2178 1714 hunc
2215 1666 2449 1714 modum:

876 1760 1049 1801 movet
1085 1751 1189 1802 sive
1223 1752 1314 1801 ille
1350 1750 1518 1799 Erebo
1551 1766 1644 1799 seu
1680 1750 1829 1801 finxit
1862 1751 1913 1799 in
1949 1751 2085 1800 ictu

737 1836 1020 1901 Temporis,

571 1920 742 1979 Gellio
780 1928 953 1970 autem
991 1921 1290 1971 subnectere
1343 1935 1448 1969 non
1498 1918 1722 1969 alienum
1768 1929 1844 1970 est
1898 1922 1963 1969 ad
2012 1920 2387 1985 explanandum
2433 1919 2571 1969 vocis

432 2008 601 2057 ictus
637 2006 966 2071 multiplicem
1002 2021 1145 2055 usum
1183 2006 1398 2070 primum
1438 2006 1707 2056 Boethium
1744 2004 1899 2055 Cous.
1937 2005 2071 2055 Phil.
2111 2005 2177 2059 V.
2214 2007 2367 2057 Metr.
2395 2003 2465 2057 11.
2508 2007 2568 2054 11

433 2108 481 2157 p.
507 2093 619 2147 838.
641 2091 732 2141 Aa
770 2091 952 2152 „Quae
979 2091 1098 2151 sint,
1135 2106 1264 2154 quae
1303 2090 1494 2139 fuerint
1527 2090 1837 2153 veniantque
1873 2090 2014 2139 Uno
2052 2092 2281 2140 mentis
2318 2090 2479 2139 cernit
2512 2090 2574 2139 in

434 2176 610 2225 ictu“
665 2183 714 2224 ct
748 2175 890 2230 Pros,
928 2176 1020 2225 IV.
1061 2192 1108 2240 p.
1149 2178 1262 2228 850.
1301 2174 1396 2228 Aa
1449 2175 1574 2235 „illo
1610 2175 1743 2223 ictu
1780 2174 2011 2225 mentis
2048 2172 2354 2236 formaliter,
2402 2185 2457 2223 ut
2504 2176 2576 2224 ita

435 2261 624 2321 dicam,
672 2268 855 2309 cuncta
899 2261 1264 2325 prospiciens.“
1336 2261 1434 2309 VI.
1471 2277 1517 2325 p.
1556 2261 1672 2309 862.
1708 2259 1793 2309 B.:
1868 2275 1997 2321 „nec
2045 2261 2267 2309 alternat
2302 2276 2440 2309 nunc
2476 2260 2573 2309 hoc

436 2359 571 2398 nunc
607 2345 736 2395 illud
772 2346 1140 2409 praenoscendi
1175 2346 1336 2408 vic-es,
1389 2347 1476 2395 sed
1525 2360 1647 2395 uno
1692 2347 1829 2395 ictu
1878 2346 2179 2396 mutationes
2217 2354 2329 2395 tuas
2366 2360 2571 2395 manens

435 2432 694 2495 praevenit
729 2438 880 2493 atque
918 2428 1324 2494 complectitur-st
1395 2432 1503 2483 Ine.
1541 2432 1691 2493 Eleg.
1725 2430 1811 2478 ·de
1847 2429 1987 2481 Fert.
2024 2432 2209 2481 Viciss.
2260 2432 2349 2479 27:
2409 2445 2573 2490 „uno

436 2532 528 2565 nos
566 2515 778 2565 abstulit
812 2516 1073 2579 improbus
1110 2516 1268 2583 ictu,
1305 2516 1536 2566 Mentem
1573 2516 1723 2564 etiam
1760 2522 1814 2563 et
1847 2514 2011 2565 Musis
2047 2526 2259 2580 pectora
2294 2520 2445 2575 nota,
2494 2516 2575 2565 fu·

436 2598 568 2652 ror.“
639 2600 892 2651 Ammian.
953 2600 1116 2650 Mare.
1153 2600 1302 2654 XXI.
1341 2604 1386 2663 9,
1421 2602 1479 2650 4:
1535 2607 1845 2663 „vectusque
1896 2600 2171 2649 mutatione
2208 2599 2363 2650 celeri
2402 2616 2576 2649 cursus

435 2686 631 2750 publici
674 2686 897 2735 transitis
935 2682 1157 2749 Alpibus
1191 2686 1344 2737 Juliis
1393 2687 1608 2735 eodem
1653 2686 1783 2735 ictu
1821 2684 2131 2735 Florentiam
2169 2712 2233 2721 —
2270 2701 2447 2735 seeum
2488 2688 2576 2735 ab·

439 2771 640 2819 duxit.“
709 2770 917 2821 XVIII.
957 2773 1004 2831 8,
1043 2774 1132 2819 12:
1181 2772 1343 2831 „misti
1383 2786 1496 2823 eum
1532 2770 1705 2820 Persis
1742 2770 1959 2820 eodem
1997 2771 2128 2820 ictu
2165 2773 2577 2837 procurrentibus

441 2855 506 2903 ad
531 2854 800 2918 superiora
823 2856 1136 2917 uobiscum“,
1173 2858 1356 2921 quibus
1391 2858 1516 2906 locis
1555 2852 1685 2905 nihil
1722 2856 1911 2905 firmius
1940 2854 2108 2905 afferri
2144 2862 2326 2919 potest,
2364 2872 2465 2919 quo
2490 2858 2577 2906 de-

441 2938 678 2989 fendatur
703 2941 767 2989 ab
793 2941 991 3004 injuriis
1013 2943 1210 2992 Davisii
1236 2942 1688 3007 Oudendorpiique
1713 2942 1858 2991 locus
1883 2942 2041 2991 Bell.
2067 2939 2266 2993 Afric.
2292 2941 2497 2994 XVIII.
2518 2943 2578 2992 4:

378 3039 382 3041 ·
441 3026 716 3091 „imperat‚
771 3034 828 3076 ut
879 3042 1002 3077 uno
1049 3022 1184 3077 ictu
1229 3028 1600 3077 contenderent
1644 3042 1811 3090 neque
1859 3026 2193 3084 remitterent,
2246 3026 2411 3075 donec
2448 3027 2581 3075 ultra

441 3111 650 3161 ultimos
685 3111 847 3161 colles
871 3112 1042 3163 hostes
1067 3112 1420 3177 repulissent.“
1491 3110 1685 3162 Omitto
1710 3113 1916 3162 notiora
1936 3112 2043 3176 illa,
2082 3126 2210 3175 quae
2235 3120 2583 3177 exposuerunt

442 3196 774 3260 Dausquejus
805 3195 899 3267 Sil.
938 3198 1003 3250 V.
1039 3198 1106 3248 45
1143 3214 1192 3263 Ρ.
1229 3198 1330 3247 206
1369 3206 1421 3247 et
1457 3196 1668 3247 Cortius
1701 3197 1893 3247 Lucan.
1930 3196 2055 3248 VII.
2093 3199 2191 3247 622
2229 3214 2276 3261 Ρ.
2314 3198 2413 3246 237
2452 3198 2581 3245 Bur-

441 3296 757 3345 mannusque
796 3280 1008 3341 Quintil.
1044 3282 1186 3333 Decl.
1225 3281 1325 3332 ΙΙΙ.
1366 3285 1392 3331 1
1431 3298 1480 3347 p.
1508 3283 1574 3333 60
1611 3280 1750 3343 (add.
1788 3281 1910 3334 Seu.
1947 3283 2054 3335 Vit.
2092 3282 2241 3333 Beat.
2281 3285 2371 3332 12:
2408 3283 2582 3343 „stulti

442 3372 494 3415 et
527 3366 820 3430 inaequales
871 3374 922 3417 et
964 3368 1076 3417 sub
1120 3368 1258 3417 ictu
1293 3368 1708 3432 poenitentiae
1744 3366 1957 3432 positi“)
2008 3375 2057 3417 et
2090 3368 2435 3433 Wopkensius
2473 3367 2583 3419 Jul.

443 3450 636 3517 Obseq.
657 3455 721 3501 87
745 3469 797 3517 p.
820 3453 936 3513 264,
957 3462 1112 3515 atque
1139 3450 1471 3503 Gualtherum
1499 3453 1654 3503 Alex.
1675 3452 1772 3502 ΙΙΙ.
1796 3454 1864 3503 46
1884 3459 1935 3503 et
1956 3453 1994 3503 J
1996 3453 2237 3517 osephum
2255 3454 2352 3507 Isc.
2373 3452 2439 3507 V.
2458 3454 2583 3503 416:

447 3543 674 3601 „septem
712 3538 854 3586 solo
893 3538 1146 3588 consumit
1180 3538 1234 3587 in
1271 3539 1444 3587 ictu“
1483 3535 1731 3602 (quocum
1768 3540 1951 3598 verbis,
1986 3550 2088 3587 non
2113 3554 2165 3587 re
2190 3540 2414 3587 concinit
2436 3538 2583 3603 Sym-

446 3624 621 3685 posius
663 3623 896 3687 Aenigm.
936 3624 1016 3683 75,
1056 3624 1112 3671 1:
1166 3624 1388 3685 „solos
1435 3626 1605 3689 prodit
1640 3625 1703 3673 ad
1738 3623 1987 3687 ictus“)
2034 3633 2085 3673 et
2132 3624 2323 3687 Paneg.
2359 3618 2583 3687 Bereng.

446 3707 487 3756 1.
525 3708 651 3757 2332
712 3708 976 3770 „geminos
1012 3724 1137 3759 uno
1175 3724 1288 3760 cum
1324 3716 1583 3760 sterneret
1617 3711 1750 3760 ictu
1781 3710 1880 3759 Ille
1917 3709 2099 3770 viros“‚
2148 3725 2250 3774 quo
2296 3710 2349 3756 in
2388 3707 2584 3768 Quiu-

446 3791 672 3842 tiliani
710 3792 1099 3843 Declamatione
1136 3794 1178 3843 Ι.
1229 3795 1391 3843 dicam
1445 3802 1584 3845 recte
1629 3795 1736 3858 legi
1784 3798 1819 3845 4
1851 3812 1899 3859 p.
1938 3796 1997 3846 9:
2056 3794 2412 3859 „parricidium
2466 3809 2585 3843 uno

446 3876 578 3925 ictu
617 3874 976 3940 explicuerit.“
1035 3895 1086 3943 p.
1125 3882 1218 3931 10:
1277 3888 1422 3945 pater
1456 3896 1592 3929 uno
1629 3881 1761 3930 ictu
1796 3882 2033 3945 perierat,
2097 3882 2160 3930 17
2198 3896 2246 3944 p.
2286 3880 2349 3929 38
2388 3878 2483 3941 (ΙΙ.
2524 3881 2585 3928 17

445 3978 498 4025 Ρ.
525 3961 631 4025 54),
667 3961 798 4013 falso
833 3964 1038 4027 prodita
1075 3978 1186 4015 esse
1221 3960 1352 4014 haec
1391 3967 1456 4015 14
1489 3982 1539 4029 p.
1559 3968 1625 4016 33
1646 3980 1745 4029 sq.:
1782 3971 2143 4031 „praetentare
2180 3962 2375 4031 (potes)
2410 3974 2585 4029 pectus

447 4074 513 4084 —
551 4048 635 4097 ubi
671 4048 842 4097 statim
879 4064 1012 4099 mors
1050 4050 1131 4111 sit,
1169 4050 1278 4101 ubi
1315 4052 1378 4100 de
1417 4051 1594 4115 spiritu
1631 4052 1891 4115 sanguinis
1923 4052 2121 4100 ictum
2160 4051 2433 4116 explorare
2470 4058 2587 4099 ante

449 4141 500 4181 et
536 4146 844 4197 cognoscere
881 4126 1019 4184 licet.
1073 4142 1294 4199 potest
1347 4143 1398 4185 et
1449 4149 1572 4185 uno
1628 4138 1758 4186 ictu
1812 4136 1995 4197 mulier
2046 4136 2329 4189 occidere.“
2399 4136 2587 4186 Errare

451 4219 586 4267 euim
623 4234 766 4283 eum,
821 4220 904 4284 qui
953 4222 1296 4285 sanguinis
1333 4221 1524 4271 ictum
1563 4223 1662 4271 dici
1699 4224 1951 4287 pulsum
1989 4222 2189 4285 (Burni.
2229 4223 2343 4271 Ind.
2381 4223 2499 4270 Rer.
2540 4231 2590 4270 et

448 4304 608 4355 Verb.
648 4321 693 4357 v.
733 4303 952 4367 Ictus)
989 4314 1162 4369 putat,
1220 4322 1321 4357 non
1376 4308 1536 4356 minus
1591 4309 1783 4357 docent
1836 4308 1989 4357 verba
2032 4304 2263 4373 proxime
2300 4308 2589 4371 superiorat

451 4390 566 4450 „ubi
605 4391 814 4439 assiduo
854 4391 1130 4439 visceris
1167 4392 1362 4455 pulsu
1415 4408 1518 4441 non
1565 4394 1790 4457 quiescat
1826 4394 2041 4459 auima‚“
2097 4409 2243 4457 quam
2299 4392 2383 4454 qui
2432 4390 2589 4439 morbi
