3234 4967
624 380 741 429 ’168
1506 374 1798 439 Conject.
1837 378 1936 431 ΙΙΙ.

641 548 805 615 Neap.
840 547 1087 598 Echeli.
1158 546 1339 597 Urbin.
1412 544 1573 599 Oeli.
1622 548 1826 600 Thuan.
1886 546 2148 597 Ethedi.
2205 546 2314 596 Erf.
2349 547 2440 597 alt.
2476 542 2786 601 Ecolisna.

641 631 815 683 Oicli
870 631 1109 698 (quocum
1145 647 1324 697 parum
1380 631 1551 683 differt
1602 632 1732 682 illud
1768 631 1948 683 Barth.
2000 634 2116 683 cod.
2152 632 2190 683 J
2204 633 2346 685 ochi
2394 627 2450 682 id
2499 638 2574 683 est
2613 632 2650 683 J
2661 632 2788 683 oeli

635 715 706 767 cf.
743 716 1039 770 Perichiz
1081 716 1365 767 Pherecli
1403 716 1638 780 Conject.
1676 716 1746 771 ΙΙ.
1807 716 1952 781 Virg.
2001 716 2134 771 Aen.
2170 716 2296 769 XII.
2335 718 2450 771 515.
2510 718 2788 769 Peridiae.

642 802 775 853 Exc.
828 803 1001 856 Burm.
1057 802 1357 853 Pericliae.
1395 801 1580 853 Hamb.
1629 818 1705 867 pr.
1751 801 2152 867 Perrichiae)
2179 801 2242 867 ¹).
2316 802 2442 863 Quis
2499 802 2630 852 enim
2683 818 2790 852 non

642 888 789 937 novit
822 886 975 938 Hom.
1012 888 1076 938 Il.
1112 886 1236 937 XX.
1273 888 1376 937 474
1416 880 1689 955 Ἀγήνορος
1735 882 1836 935 υἱὸν
1877 878 2176 957 Ἔχεκλον
2222 873 2316 950 (cf.
2353 884 2490 941 Sieb.
2527 887 2682 941 Pans.
2719 886 2790 937 X.

642 976 723 1035 27,
764 976 791 1022 1
828 972 1043 1038 p.253).
1091 972 1243 1024 XVI.
1280 974 1382 1023 694
1435 964 1682 1021 Αὐτόνοον
1733 968 1820 1020 καὶ
1845 964 2208 1043 ’Ἕχεκλονῖ
2264 972 2326 1023 cf.
2365 973 2464 1023 189
2511 963 2789 1042 Ἐχεκλῆος

640 1053 878 1128 κρατερὸν
916 1055 1059 1125 μένος
1094 1049 1407 1127 Ἀκτορίδαο.
1478 1057 1633 1123 Corp.
1670 1058 1832 1108 Inscr.
1872 1054 1960 1107 Gr.
1998 1058 2066 1111 11.
2105 1074 2155 1122 p.
2183 1060 2297 1119 358,
2337 1058 2470 1109 2432
2506 1050 2788 1127 Ἐχέκλεια.

641 1144 823 1208 Neque
859 1144 999 1193 aliud
1033 1150 1089 1193 ut
1123 1138 1219 1193 sibi
1256 1144 1499 1193 reddatur
1533 1134 1703 1207 poscit
1736 1143 2031 1193 Valerius
2066 1141 2340 1193 Flaccus
2375 1143 2471 1197 ΙΙΙ,
2511 1144 2642 1193 1383
2677 1141 2790 1191 An-

644 1244 799 1280 caeus
838 1230 1145 1279 Ethelum
1172 1228 1419 1291 Sternit;“
1462 1244 1579 1277 nam
1600 1227 2068 1295 Reg.Echelon.
2105 1226 2566 1277 Cok.Echelum
2607 1229 2787 1277 eodem

642 1316 885 1379 dirigunt,
923 1329 1025 1378 quo
1061 1313 1223 1379 Neap.
1262 1312 1409 1366 Ovid.
1448 1313 1483 1363 l.
1521 1314 1586 1373 d.‚
1623 1320 1682 1362 ut
1717 1313 1875 1363 nolim
1912 1315 2015 1363 huc
2049 1321 2282 1378 repetere
2319 1314 2483 1364 Anth.
2520 1313 2632 1363 Pal.
2663 1311 2787 1364 VII.

641 1402 760 1460 445,
800 1402 855 1450 l:
894 1391 1184 1453 Μαντιοὶδας
1220 1424 1283 1435 ·--
1322 1395 1415 1450 ,καὶ
1452 1390 1768 1469 Εὔστρατος,
1809 1394 1910 1454 υἷες
1945 1391 2242 1469 Ἐχέλλου
2281 1392 2586 1469 (Ἀχέλλου
2621 1398 2786 1459 Plan„

643 1493 703 1535 ut
726 1486 874 1549 ,apud
912 1484 1177 1534 Valerium
1214 1484 1267 1533 in
1302 1484 1597 1549 vulgaribus
1634 1484 1776 1533 libris
1822 1484 2036 1533 inveniri
2073 1483 2386 1535 Achelum
2433 1478 2560 1533 dicit
2595 1480 2789 1533 Carrio·

636 1562 852 1641 Ἔχελος
899 1569 1059 1643 Dind.
1098 1568 1273 1635 Steph.
1314 1569 1469 1621 Thes.
1508 1568 1607 1618 IV'.
1643 1584 1694 1633 p.
1734 1570 1866 1619 2599
1905 1566 2009 1633 sq.)
2057 1575 2110 1619 et
2143 1568 2383 1620 Nonnum
2419 1567 2651 1622 XXXII.
2686 1570 2790 1629 ‚199

643 1651 860 1725 Αὒχήεις
888 1648 1133 1726 Ἐχέλαος
1167 1652 1255 1717 (cf.
1282 1654 1432 1703 Paus.
1454 1654 1555 1704 ΙΙΙ.
1582 1656 1629 1716 2,
1653 1657 1680 1703 1
1718 1646 1935 1725 Ἐχέλοις
1973 1661 2028 1703 et
2066 1669 2197 1717 quae
2233 1656 2295 1705 de
2333 1654 2431 1705 hoc
2466 1668 2649 1719 genere
2690 1654 2790 1703 dis-

642 1742 802 1791 seruit
847 1740 1139 1791 Lobeekius
1189 1738 1341 1789 Path.
1378 1738 1449 1788 11.
1487 1740 1535 1799 3,
1573 1742 1603 1788 2
1650 1756 1700 1803 p.
1741 1741 1837 1789 118
1879 1755 1971 1803 sq„
2026 1748 2144 1789 ante
2193 1754 2310 1789 eum
2359 1740 2580 1789 Ebertus
2626 1730 2790 1788 Σικελ.

641 1826 773 1880 Exc
812 1825 868 1875 11
903 1842 954 1891 p.
992 1828 1053 1877 91
1094 1839 1203 1888 sqq.
1276 1824 1469 1873 Eodem
1520 1831 1690 1873 antem
1737 1826 1890 1875 modo
1941 1825 2076 1889 apud
2111 1824 2426 1889 Hyginum
2463 1824 2606 1875 Post.
2647 1824 2788 1878 Astr

640 1912 841 1965 11.16.
896 1926 1137 1975 „uxorem
1185 1908 1557 1959 Ethemeam“
1602 1924 1722 1958 vere
1773 1910 2082 1961 restituimus
2136 1910 2476 1961 Echemeam
2527 1902 2789 1980 (Ἐχέμειοι

641 1976 811 2062 Etym.
847 1996 921 2047 M.
958 2013 1010 2062 p.
1048 1997 1165 2056 507,
1214 1995 1279 2045 56
1326 2001 1377 2043 et
1410 1994 1609 2044 Anecd.
1651 1994 1824 2045 Oxou.
1864 1995 1958 2045 IV.
1995 2011 2046 2059 p.
2085 1997 2166 2055 81,
2205 1997 2252 2047 6.
2323 1996 2477 2049 Anal
2527 1996 2682 2060 Prop.
2719 1990 2788 2044 V.

643 2098 695 2147 p.
730 2082 843 2146 30),
900 2090 1079 2132 contra
1112 2080 1375 2130 Rabirio
1431 2096 1514 2145 ap.
1556 2080 1863 2143 Fulgent.
1910 2080 2106 2146 Expos.
2155 2081 2314 2131 Serm.
2351 2081 2536 2143 Antiq.
2573 2096 2622 2145 p.
2662 2080 2789 2131 783:

648 2168 1001 2231 „Abstemium
1040 2166 1323 2215 merulenta
1363 2166 1495 2228 fugit
1529 2166 1619 2215 Me
1634 2166 1832 2215 thema
1879 2165 2091 2215 nomen“
2144 2168 2208 2217 de
2244 2166 2619 2216 Almeloveenii
2669 2180 2788 2215 anc-

642 2251 845 2301 toritate
882 2251 941 2299 M
953 2252 1199 2301 scennia
1235 2249 1413 2315 (Valg.
1449 2267 1499 2315 p.
1536 2250 1684 2313 438),
1720 2251 1772 2299 id
1809 2252 1946 2313 quod
1979 2252 2354 2317 incompertum
2391 2251 2548 2301 habet
2575 2248 2788 2299 Reiffer-

644 2336 895 2386 scheidius
932 2336 1069 2385 Mus.
1109 2338 1273 2386 Rhen.
1311 2334 1516 2385 XXIII.
1556 2338 1583 2384 1
1623 2352 1675 2399 Ρ.
1715 2336 1812 2385 143
1849 2343 1956 2385 not.
1992 2338 2074 2388 47.

780 2420 1050 2471 Venio'ad
1086 2422 1215 2471 illud
1252 2436 1452 2481 nomen,
1491 2417 1632 2485 quod
1667 2421 1791 2474 XII.
1835 2422 1933 2471 744
1969 2422 2250 2485 proditum:

1052 2541 1248 2605 Dejicit
1284 2548 1335 2590 et
1370 2539 1557 2606 triplici
1597 2540 1817 2589 confisos
1853 2540 2045 2590 robore
2075 2541 2244 2605 gentis
2290 2608 2298 2615 ι

1050 2626 1359 2677 Alceidas
1396 2624 1594 2684 fr,atres
1632 2624 1839 2675 totidem
1878 2641 2007 2690 quos
2044 2626 2236 2676 eminus
2272 2626 2433 2676 hastis

1052 2688 1381 2761 Continuat

650 2849 797 2890 vetus
838 2829 1127 2891 Scholiasta
1162 2856 1213 2905 p.
1254 2841 1385 2890 1552
1424 2840 1647 2888 ereditur
1681 2839 1759 2890 his
1796 2840 1918 2889 satis
1956 2840 2112 2890 tuerit
2163 2838 2278 2903 „Ab
2312 2840 2592 2889 Hercule
2631 2854 2791 2901 genus

644 2925 938 2976 ducentes!
985 2925 1166 2988 Longe
1200 2926 1303 2975 alio
1342 2926 1482 2974 ducit
1516 2923 1960 2976 Scheftlariensis:
1998 2923 2313 2986 Alcetidas,
2354 2938 2572 2989 quocum
2607 2924 2790 2973 leviter

646 3012 897 3075 discrepat
932 3010 1287 3060 Monacensis:
1322 3008 1643 3074 Alcepidas.
1720 3009 1913 3059 Verum
1951 3018 2122 3060 autem
2159 3025 2268 3061 esse
2303 3010 2427 3059 hoc:

1437 3128 1779 3179 Alcetidas
1815 3128 1994 3181 fratres

644 3264 797 3300 nemo
833 3248 1055 3315 negabit,
1094 3248 1181 3313 qni
1218 3250 1535 3300 notissimum
1562 3250 1846 3299 meminerit
1869 3264 2055 3299 nomen
2086 3241 2348 3307 Ἀλκέτας,
2380 3242 2624 3303 Ἄλκετος
2658 3247 2788 3299 Lob.

644 3336 793 3387 Path.
828 3351 877 3400 p.
917 3334 1032 3385 374.
1104 3334 1247 3387 Idem
1286 3334 1693 3387 Scheftlariensis
1729 3349 1844 3385 cum
1880 3335 2190 3401 Frisingensi
2225 3336 2384 3386 Theb.
2415 3335 2486 3387 X.
2511 3335 2612 3385 510
2646 3348 2792 3399 prae·

644 3422 785 3482 bent,
822 3421 958 3486 quod
996 3435 1029 3469 a
1064 3420 1323 3471 Gronovio
1359 3438 1406 3476 v,
1433 3422 1532 3472 305
1558 3438 1607 3486 p.
1631 3422 1730 3472 703
1766 3422 2025 3471 inventum
2061 3422 2349 3486 probarunt
2381 3420 2627 3471 Heinsius
2656 3418 2788 3469 Δάν.

647 3508 743 3559 IV.
773 3509 833 3558 11
874 3524 925 3572 Ρ.
946 3506 1043 3558 628
1084 3513 1136 3556 et
1155 3507 1481 3557 ‘Duehnerus
1517 3523 1565 3573 p.
1589 3508 1705 3557 332.
1733 3500 2082 3569 333,,ιοωοι·ο’
2115 3507 2310 3572 sprevit
2335 3506 2617 3569 Queckius:
2653 3504 2790 3562 Jal-

648 3596 953 3645 menides.

783 3697 892 3749 Nec
927 3707 1065 3749 recte
1099 3700 1157 3747 in
1193 3697 1417 3761 ejusdem
1456 3696 1573 3745 libri
1608 3694 1732 3745 XII.
1773 3696 1870 3745 622

954 3784 1116 3834 Venit
1152 3788 1305 3833 atrox
1340 3784 1517 3833 Ileus

689 4013 693 4017 .
792 3969 843 4035 ¹)
881 3966 1069 4021 Eidem
1109 3970 1341 4020 Ovidio
1378 3968 1500 4019 Met.
1538 3968 1605 4017 V.
1641 3970 1708 4019 48
1754 3982 1940 4018 nomen
1979 3966 2275 4018 Clematie
2320 3969 2629 4018 reddendum
2679 3981 2790 4016 esse

652 4040 941 4090 censuimus
975 4038 1133 4090 Anal.
1168 4038 1325 4101 Prop.
1363 4037 1459 4089 lv.
1498 4051 1545 4102 p.
1586 4038 1668 4087 26.
1742 4036 1896 4097 Quod
1943 4046 2111 4085 autem
2155 4038 2272 4087 Am.
2310 4036 2407 4087 111.
2445 4037 2492 4097 6,
2530 4038 2596 4087 25
2633 4034 2791 4084 Melie

650 4108 999 4172 Bithynide
1045 4107 1309 4155 maluimus
1347 4106 1511 4155 Theb.
1551 4106 1738 4155 Parad.
1784 4121 1833 4169 p.
1874 4107 1974 4155 240
2019 4106 2128 4155 fieri
2165 4105 2486 4170 Iyrceide
2531 4119 2624 4153 nec
2677 4118 2791 4167 per-

650 4176 899 4225 suasimus
935 4174 1289 4225 Schoemanno
1326 4176 1388 4223 de
1424 4173 1676 4240 Nymphis
1712 4174 1884 4223 Meliis
1919 4191 1969 4238 p.
1989 4175 2020 4223 9
2057 4180 2163 4222 not.
2187 4175 2265 4229 12.
2307 4170 2492 4237 Opusc
2531 4171 2598 4225 ΙΙ
2623 4188 2669 4235 p
2695 4172 2790 4222 132

651 4257 932 4306 agnoscere
969 4242 1063 4291 sibi
1099 4244 1207 4291 viso
1250 4242 1499 4307 „studium
1524 4249 1710 4307 poetae
1743 4242 2102 4291 doctrinam
2142 4242 2304 4291 male
2339 4236 2787 4299 ostentantisf‘

651 4312 702 4430 ig
739 4310 1034 4429 conilirmari
1050 4310 1261 4432 dvidetur
1308 4312 1543 4375 exemplo
1580 4310 1736 4360 Trist.
1773 4309 1868 4363 IV.
1911 4313 1956 4371 1,
1996 4311 2058 4360 15
2094 4308 2432 4374 Lyrneside.
2505 4306 2640 4359 Gall.
2678 4306 2788 4358 Bel.

700 4394 786 4428 rev
886 4393 1037 4427 r1se1
1087 4394 1114 4427 e
