3234 4967
637 371 720 437 32
1545 379 1780 431 Adnot.
1820 382 1902 432 17.

633 592 854 647 tamen
899 592 1124 670 crepat
1169 582 1503 666 Imhofius,
1554 583 1909 671 quidquam
1954 607 2317 672 moramur3
2380 597 2449 653 at
2492 588 2622 653 ista
2664 590 2784 654 in·

635 690 1234 756 flammatarum
1288 687 1779 777 papillarum
1835 692 2081 756 mentio
2124 690 2499 778 longissime
2544 694 2785 784 disjun-

635 807 742 862 cta
787 805 888 861 est
934 817 974 860 a
1012 804 1358 882 poetarum
1401 816 1602 878 more,
1652 796 1763 883 qui
1792 796 1919 862 hoc
1947 797 2095 880 fert,
2143 807 2215 862 ut
2245 798 2407 865 talia
2435 811 2785 887 ponantur,

635 901 856 991 qualia
887 911 1037 987 sunt
1069 899 1418 971 liventia
1438 901 1665 984 ubera,
1699 909 1969 989 pectora
1993 901 2300 990 (Quintil.
2325 904 2510 970 Decl.
2537 904 2694 971 VII.
2721 908 2783 976 8.

634 1033 700 1096 p.
730 1009 876 1073 160.
902 1008 989 1072 X.
1008 1008 1048 1071 9
1072 1030 1137 1095 p.
1165 1007 1317 1072 222.
1348 1007 1448 1072 18.
1474 1008 1751 1095 Ρ.«230),
1777 1005 2046 1095 planctu
2070 1020 2531 1077 crescentes
2554 1011 2789 1079 lacerti

635 1113 833 1203 (Stat.
858 1113 1064 1180 Theb.
1089 1112 1224 1179 Xll.
1257 1111 1434 1201 110),
1457 1113 1838 1201 jacentia
1859 1113 2066 1180 ubera
2090 1114 2273 1203 (Seu.
2308 1118 2461 1183 Tro.
2500 1117 2689 1207 121);
2715 1118 2785 1184 li-

629 1222 772 1303 buit
810 1220 980 1285 enim
1021 1241 1234 1307 pauca
1276 1218 1356 1283 de
1387 1218 1607 1284 multis
1642 1218 1955 1286 delibare.
2029 1221 2332 1311 Denique
2364 1224 2641 1292 interest
2672 1224 2784 1289 ali-

631 1326 787 1417 quid
827 1328 1000 1391 inter
1042 1326 1428 1391 feminarum
1465 1347 1755 1390 recens
1797 1328 2227 1393 enixarum
2280 1328 2559 1417 papillas
2602 1332 2786 1397 nimi-

630 1456 774 1499 rum
807 1454 1178 1522 suppresso,
1209 1440 1282 1495 ut
1307 1432 1400 1497 ait
1430 1431 1766 1516 ImhofiuS,
1800 1428 1971 1498 laete
2005 1432 2399 1501 ardentes
2431 1446 2497 1501 et
2519 1436 2784 1503 Violan-

629 1538 807 1605 tillae
831 1538 1175 1605 nondum
1201 1536 1612 1625 gravidae
1638 1540 2001 1621 „stantia
2022 1549 2371 1627 pectora,
2389 1547 2429 1581 “
2454 1565 2623 1632 quae
2646 1545 2782 1631 qui-

629 1647 778 1713 dem
832 1646 1078 1712 mentio
1136 1642 1249 1733 (cf.
1310 1644 1535 1709 Burm.
1593 1644 1792 1732 Prop.
1852 1644 1918 1709 ll.
1982 1646 2082 1729 12,
2144 1646 2231 1710 22
2301 1670 2366 1734 p.
2425 1648 2586 1738 316)
2644 1659 2781 1716 tam

628 1754 921 1839 graviter
964 1750 1273 1817 inchoata
1316 1752 1551 1815 mirum
1597 1760 1699 1815 est
1744 1750 1923 1838 quod
1973 1774 2105 1817 non
2146 1752 2482 1819 inclinavit
2525 1776 2601 1819 ac
2638 1778 2782 1841 per-
2824 1786 2832 1793 ·

631 1858 821 1924 duxit
882 1857 1325 1923 doctissimum
1382 1856 1595 1921 virum
1652 1857 1738 1922 ad
1797 1856 2126 1922 scribendi
2186 1880 2392 1945 genus
2448 1868 2559 1923 aut
2618 1859 2775 1924 hoc:

627 1973 1018 2051 urgentes
1074 1962 1442 2051 (Keuchen.
1502 1963 1730 2029 Seren.
1789 1965 2120 2029 Sammon.
2168 1964 2275 2047 20,
2332 1962 2461 2029 365
2505 1988 2573 2051 Ρ.
2621 1963 2772 2029 261.

626 2070 835 2137 Scriv.
867 2068 1114 2135 Auson.
1149 2066 1385 2157 Cupid.
1419 2067 1614 2134 Cruc.
1646 2068 1779 2134 Aff.
1827 2071 1907 2135 73
1949 2092 2016 2156 p.
2049 2069 2176 2134 307
2224 2069 2305 2134 cf.
2349 2068 2498 2135 Sen.
2530 2070 2769 2156 Agam.

629 2176 757 2243 762
812 2176 1125 2242 ardent.
1195 2173 1375 2240 Flor.
1432 2185 1786 2261 turgent.
1870 2174 2213 2241 Claudian.
2283 2175 2366 2241 B.
2424 2174 2584 2263 gild.
2646 2176 2774 2241 182

625 2283 938 2350 ardent.
1006 2282 1174 2355 Prie.
1207 2279 1346 2347 Ois.
1378 2282 1550 2348 Maz.
1582 2280 1723 2347 Pal.
1756 2280 1935 2347 Med.
1970 2280 2367 2369 urguent)
2416 2291 2529 2347 aut
2574 2281 2775 2347 illud:

623 2390 1118 2474 „horrentes
1199 2389 1542 2454 restrinxit
1610 2426 1701 2437 —-
1768 2386 2079 2475 papillas3
2101 2392 2142 2426 “
2210 2410 2363 2453 nam
2432 2397 2499 2453 et
2569 2387 2777 2454 verba

627 2495 924 2561 ardere
973 2504 1040 2560 et
1083 2494 1434 2560 haerere
1483 2491 1713 2583 (ovid.
1762 2494 1922 2559 Met.
1970 2492 2131 2559 Xlll.
2180 2492 2384 2583 906.)‚
2432 2493 2777 2559 haerere

625 2610 692 2667 et
735 2602 1080 2667 horrere
1129 2600 1345 2681 (Cort.
1392 2599 1640 2667 Lucan.
1687 2598 1796 2665 lV.
1846 2600 1934 2666 50
1978 2624 2045 2688 p.
2091 2598 2252 2688 435)
2300 2601 2473 2665 inter
2520 2622 2589 2664 se
2635 2621 2779 2688 per-

621 2718 876 2775 mutata
919 2717 1070 2774 sunt
1115 2717 1182 2773 et
1218 2708 1470 2773 Nonius
1516 2707 1723 2773 Marc.
1770 2730 1835 2794 p.
1869 2705 1999 2773 538
2050 2704 2231 2795 (368,
2265 2703 2338 2793 6)
2384 2703 2775 2793 virginalem

623 2815 1046 2882 horrorem
1087 2812 1592 2902 papillarum
1636 2823 1956 2880 memorat
1986 2822 2072 2898 et,
2118 2834 2305 2900 quem
2338 2812 2680 2900 praeteriit
2710 2820 2778 2875 et

619 2922 1036 2987 Burmannus
1066 2919 1269 2985 Anth.
1302 2919 1449 2985 Lat.
1481 2918 1571 2983 lll.
1605 2919 1758 3001 214,
1792 2922 1833 2985 3
1866 2943 1929 3007 Ρ.
1964 2920 2093 2985 648
2137 2928 2203 2984 et
2239 2919 2423 3007 prior
2452 2918 2773 2983 Burman·

619 3049 744 3094 nus
787 3026 1010 3095 Seren.
1057 3026 1100 3092 l.
1151 3026 1214 3093 d.
1260 3050 1326 3113 p.
1368 3026 1520 3109 261,
1567 3022 1840 3090 Plautus
1886 3023 2124 3090 Pseud.
2156 3024 2240 3088 V.
2293 3024 2351 3105 1,
2400 3022 2522 3088 66:
2581 3023 2776 3107 „Pa-

620 3132 1002 3222 pillarum
1069 3129 1679 3199 horridularum
1751 3126 2375 3218 oppressiunculas“
2422 3127 2578 3217 (quo
2626 3128 2773 3196 loco

620 3263 754 3307 non
796 3236 1206 3307 incommode
1253 3260 1410 3304 usus
1457 3246 1559 3303 est
1593 3234 2067 3301 Boissonadius
2098 3234 2370 3300 Nicetae
2400 3233 2775 3321 Eugeniani

619 3348 940 3436 interpres
985 3345 1075 3410 lll.
1129 3344 1253 3411 183
1299 3368 1365 3433 Ρ.
1403 3342 1543 3431 86).
1636 3342 1809 3408 Satis
1856 3340 2253 3429 explicatum
2298 3340 2561 3408 videtur
2607 3364 2772 3425 esse,

620 3454 779 3543 quid
844 3453 1110 3542 proprie
1181 3459 1375 3539 atque
1441 3450 1701 3536 integre
1774 3448 2048 3532 dicatur,
2111 3447 2267 3536 quid
2321 3468 2528 3513 secus.
2620 3447 2665 3513 J
2668 3470 2772 3513 am

620 3583 782 3627 vero
851 3558 1009 3649 quid
1076 3579 1305 3623 censes
1372 3555 1836 3642 lugentium
1915 3564 2196 3621 matrum
2265 3554 2772 3642 descriptionem

619 3675 844 3758 (quam
900 3664 1164 3756 quidem
1221 3663 1709 3730 accuratissime
1756 3660 2117 3750 perfectam
2161 3661 2619 3749 tripartitoque
2663 3660 2771 3725 ab·

618 3758 894 3863 solutam
927 3794 1124 3862 supra
1157 3795 1222 3860 p.
1260 3770 1344 3837 29
1383 3767 2002 3857 demonstravimus)
2044 3790 2237 3856 quam
2274 3775 2429 3855 apte
2466 3766 2765 3833 desinere

615 3884 687 3946 in
730 3903 870 3947 rem
915 3878 1001 3945 ad
1040 3878 1266 3966 luctu
1283 3901 1313 3943 s
1355 3877 1661 3943 notitiam
1689 3874 1852 3940 nihil
1894 3874 2245 3964 quidquam
2288 3870 2769 3962 pertinentem?

613 3987 741 4053 nisi
786 4008 946 4052 vero
990 3987 1134 4073 quis
1169 3984 1458 4051 sollenne
1493 3983 1689 4048 funus
1722 3982 2034 4049 extremis
2066 3980 2495 4067 amplexibus,
2531 3977 2763 4066 quibus

616 4094 827 4159 arsuri
883 4100 1064 4157 artus
1122 4092 1428 4158 foventur
1491 4088 1636 4178 (Sil.
1688 4088 1803 4154 lX.
1850 4087 1959 4154 43.
2031 4084 2303 4169 Quintil.
2349 4083 2537 4149 Decl.
2585 4084 2675 4150 X.
2721 4082 2767 4145 4

613 4224 678 4288 p.
727 4197 913 4287 216),
975 4196 1289 4281 inchoari,
1349 4205 1498 4284 post
1556 4195 1856 4283 planctus
1902 4192 1989 4259 ad
2033 4214 2265 4278 rogum
2310 4191 2521 4256 factos
2581 4211 2769 4255 con·

614 4305 1001 4371 summari
1065 4305 1217 4368 rite
1287 4302 1714 4367 restrictis
1782 4296 2133 4388 papillis
2192 4300 2334 4385 jam
2378 4318 2649 4363 narrare
2697 4304 2766 4359 et

614 4412 890 4485 edocere
959 4408 1260 4475 instituit.
1381 4406 1556 4490 Quid
1626 4405 1954 4471 clausas
2022 4413 2217 4492 atque
2289 4404 2659 4469 exsiccat
2679 4425 2765 4468 as
