3234 4967
739 344 844 395 270
1533 342 1825 408 Conject.
1862 342 2011 394 XIX.

735 515 1033 567 mittere“
1072 511 1230 581 (quod
1263 515 1430 581 ipsum
1467 521 1612 565 extat
1648 514 1714 572 V.
1753 516 1881 566 243:
1931 515 2155 567 externis
2192 515 2569 565 committere
2603 514 2855 579 proelia

736 602 963 652 terris“
1000 609 1049 651 et
1083 600 1178 655 VI.
1214 602 1326 653 300.
1373 600 1498 652 VII.
1537 604 1663 653 228:
1718 602 2111 652 committere
2146 616 2417 667 pugnam
2453 586 2649 651 Vicinis
2702 600 2855 651 liceat

733 686 951 738 ferventi
986 688 1140 737 caede
1178 685 1425 750 Latinis“,
1463 702 1679 753 quocum
1718 686 1887 737 differt
1920 688 1988 747 id,
2025 670 2161 751 quod
2196 688 2383 751 legitur
2417 704 2461 737 v.
2500 688 2621 737 244:
2680 684 2853 736 Genti-

732 773 827 821 bus
862 774 965 821 una
1000 772 1136 821 salus
1175 773 1387 823 celerem
1425 774 1790 823 committere
1825 769 2147 837 pugnam);
2184 788 2401 837 namque
2437 772 2575 821 aliud
2610 778 2854 821 monstra-

731 858 854 907 bant
905 857 985 905 vel
1039 858 1292 907 contraria
1341 858 1457 909 illa:
1515 858 1817 908 Maximian.
1854 858 2001 921 Eleg.
2038 856 2107 907 V.
2141 860 2203 916 ρ22
2273 859 2451 907 missus
2503 856 2853 921 Tranquillum

734 942 930 991 cunctis
969 952 1227 992 nectere
1262 944 1438 1008 pacis
1474 958 1647 1007 opus.
1717 942 1837 995 Val.
1874 942 2044 996 Flacc.
2081 942 2179 991 ΙΙΙ.
2219 942 2317 993 503
2371 942 2640 993 foedera
2675 949 2853 991 necte

732 1036 782 1076 et
816 1027 1000 1077 Boeth.
1039 1024 1187 1079 Cons.
1224 1028 1361 1078 Phil.
1399 1028 1441 1079 I.
1479 1030 1631 1079 Metr.
1667 1028 1739 1077 V.
1774 1030 1841 1079 43
1878 1041 1931 1089 Ρ.
1966 1030 2083 1079 639.
2116 1026 2202 1078 A:
2250 1026 2491 1093 Quisquis
2526 1043 2689 1077 rerum
2724 1028 2852 1076 foe-

732 1112 884 1162 dera
919 1113 1176 1163 nectis.“
1246 1112 1376 1177 Stat.
1432 1112 1558 1165 Silv.
1611 1110 1785 1165 Praef.
1821 1112 1913 1166 V.:
1985 1115 2271 1179 propiorem
2326 1129 2553 1163 nexum
2609 1113 2853 1163 amicitiae

731 1204 846 1249 tuae
882 1199 1172 1263 cuperem.“
1236 1199 1436 1249 Euuod·.
1463 1199 1637 1264 Epist.
1675 1200 1718 1249 1.
1757 1202 1787 1251 9
1825 1212 1873 1260 Ρ.
1900 1202 1979 1249 24.
2006 1197 2072 1249 C:
2107 1201 2239 1249 inter
2276 1214 2434 1250 novos
2471 1198 2851 1247 concordiae

730 1283 986 1337 nexusf‘
1061 1281 1348 1349 (Guillerm.
1386 1282 1540 1349 Apul.
1581 1285 1649 1339 V.
1686 1288 1810 1337 272:
1882 1300 2093 1349 magnus
2130 1286 2361 1337 amoris
2399 1312 2463 1320 -
2497 1299 2697 1333 nexus
2734 1298 2851 1333 con-

723 1368 964 1433 junxerat
999 1366 1193 1435 illos“).
1262 1371 1436 1425 Heius.
1477 1368 1743 1421 Claudian.
1780 1370 1862 1425 Pr.
1901 1368 2054 1428 Cous,
2092 1370 2205 1424 Stil.
2242 1370 2313 1421 H.
2350 1372 2447 1421 156
2485 1382 2532 1430 Ρ.
2569 1372 2682 1419 387.
2745 1368 2849 1421 Sin.

726 1454 761 1504 1.
799 1456 846 1509 d.
877 1452 938 1520 'p.
977 1457 1042 1505 60
1078 1463 1183 1509 not.
1224 1459 1302 1506 11.
2722 1448 2731 1456 ’

864 1540 1017 1598 Quod
1063 1542 1216 1591 modo
1269 1542 1648 1605 repudiavimus
1701 1542 1911 1591 verbum
1946 1541 2273 1603 fuscandi‚
2325 1542 2378 1590 id
2422 1540 2624 1605 sequuti
2659 1540 2851 1604 aliquid

722 1626 827 1689 jam
865 1627 1091 1677 dicamus
1127 1627 1180 1675 in
1219 1627 1399 1691 quibus
1435 1628 1666 1677 locorum
1701 1626 1971 1691 generibus
2006 1628 2307 1677 inveniatur.
2378 1622 2545 1677 Theb.
2582 1624 2678 1675 VI.
2725 1626 2849 1675 576:

727 1712 1016 1777 primusque
1074 1718 1280 1762 cutem
1338 1712 1632 1763 fuscatur
1692 1708 1879 1762 olivo.“
1949 1712 2125 1765 Heius.
2163 1711 2305 1765 Ovid.
2343 1711 2455 1762 Art.
2492 1710 2608 1764 Am.
2662 1710 2704 1759 Ι.
2752 1709 2849 1759 513

725 1808 774 1856 Ρ.
811 1798 926 1847 578.
999 1795 1239 1862 Calpurn.
1277 1798 1426 1847 Deci.
1462 1797 1533 1849 11.
1569 1810 1617 1859 Ρ.
1657 1799 1782 1848 796:
1840 1797 1941 1848 hoc
1976 1799 2154 1863 ipsum,
2190 1798 2326 1863 quod
2363 1797 2432 1846 ita
2467 1795 2850 1846 infuscatam

727 1890 938 1932 cutem
972 1881 1102 1931 livor
1136 1879 1337 1943 infecit,
1397 1884 1504 1933 dies
1539 1884 1699 1947 longa
1733 1890 1997 1933 extenuat:
2056 1884 2209 1933 nivea
2242 1883 2539 1947 plerumque
2572 1880 2851 1931 membra

725 1967 832 2016 sole
867 1966 1253 2017 fuscantur.“
1323 1966 1409 2023 Sil,
1447 1968 1542 2019 XI.
1580 1968 2049 2018 &Im-fuscabat
2084 1977 2137 2019 et
2170 1969 2428 2033 Hesperus
2462 1966 2680 2017 umbra
2713 1965 2849 2015 Pau-

723 2052 866 2102 latim
900 2051 1070 2101 infusa
1102 2062 1462 2117 properantem
1499 2056 1563 2103 ad
1596 2054 1772 2103 littora
1808 2052 2105 2105 currum.“
2179 2053 2415 2117 (Gualth.
2435 2052 2591 2106 Alex,
2612 2053 2707 2123 III.
2728 2053 2850 2103 512:

723 2138 946 2188 tenebris
1001 2136 1266 2188 fuscare
1319 2136 1561 2202 diem.“)
1604 2138 1817 2191 ·Weitz.
1855 2138 1975 2189 Val.
2027 2140 2200 2191 Flacc.
2236 2140 2415 2194 1.,396
2468 2151 2516 2199 Ρ.
2556 2140 2636 2189 84.
2709 2136 2849 2193 Cort.

721 2221 846 2275 Luc.
882 2222 979 2273 IV.
1018 2225 1082 2274 66
1119 2236 1168 2285 Ρ.
1204 2225 1313 2275 438-
1351 2223 1415 2277 cf.
1450 2224 1611 2289 Apul.
1650 2226 1713 2274 de
1748 2224 1928 2274 Mund.
1965 2241 2014 2290 Ρ.
2054 2226 2178 2276 362:
2238 2220 2457 2291 ὄλυμπον
2496 2250 2559 2259 -
2600 2238 2747 2288 quem
2784 2224 2848 2271 ab

723 2309 859 2359 omni
894 2300 1214 2359 fuscitate
1267 2325 1326 2359 ac
1379 2311 1762 2375 perturbatione
1816 2312 1992 2361 vident
2032 2302 2291 2360 liberum.“
2368 2309 2563 2370 Quibus
2600 2309 2850 2371 subjungo

722 2394 1078 2459 Symmachum
1113 2396 1210 2461 Ep.
1245 2395 1288 2445 Ι.
1329 2397 1358 2445 3
1395 2408 1444 2455 Ρ.
1484 2398 1546 2445 17
1585 2396 1733 2445 Par.:
1812 2398 2095 2459 „cavimus,
2155 2410 2221 2445 ne
2262 2396 2482 2446 sobriam
2528 2394 2848 2444 solitudinem

720 2488 944 2529 nostram
981 2480 1297 2530 sodalitas
1333 2481 1534 2545 plebeja
1569 2480 1890 2531 fuscaret“
1932 2480 2109 2545 (quem
2133 2482 2301 2531 l‘ocum
2320 2482 2509 2545 primus
2535 2480 2847 2529 emaculasse

719 2564 852 2615 falso
891 2566 986 2614 sibi
1022 2566 1222 2615 videtur
1257 2566 1597 2616 Marklandus
1636 2564 1757 2616 Sssv.
1794 2566 1891 2620 ΙΙΙ.
1930 2568 1978 2627 4,
2016 2569 2081 2618 65
2118 2580 2167 2627 Ρ.
2207 2562 2347 2631 289).
2384 2626 2389 2631 ⁸
2420 2566 2660 2631 Calpurn.
2700 2565 2847 2615 Decl.

719 2647 920 2705 XXIV.
957 2667 1005 2717 p,
1047 2652 1172 2702 821:
1225 2652 1344 2701 dum
1379 2668 1481 2702 non
1516 2668 1609 2717 per
1645 2667 1848 2703 manum
1884 2654 2033 2703 vilem
2079 2652 2184 2714 jus
2235 2651 2504 2716 pietatis
2538 2650 2844 2701 infuscet.

719 2735 908 2786 Justin.
933 2735 1059 2785 XII.
1087 2738 1132 2797 5,
1159 2738 1216 2787 5:
1251 2752 1316 2787 ne
1342 2737 1584 2787 victoriae
1622 2739 1843 2803 gloria
1879 2738 2119 2788 saevitiae
2155 2737 2353 2785 macula
2386 2734 2559 2785 infus
2576 2744 2841 2785 caretur.

719 2818 954 2884 (Gual'th.
989 2821 1146 2872 Alex.
1181 2822 1253 2873 ΙΙ.
1293 2824 1422 2875 511:
1480 2823 1835 2873 obscurent
1870 2850 1932 2859 —
1970 2822 2241 2888 praeconia
2293 2836 2467 2885 regum
2515 2818 2847 2882 Quorundam

719 2906 964 2959 maculae.
1033 2906 1135 2957 111.
1173 2908 1298 2957 243:
1356 2910 1705 2973 denigrare
1743 2908 1933 2957 valeret
1970 2906 2191 2957 Crimine
2228 2908 2523 2957 candentem
2560 2907 2733 2956 titulos
2769 2906 2843 2975 in-

719 2990 874 3042 famia
909 2991 1172 3057 famam“).
1245 2995 1324 3055 11,
1365 2995 1393 3042 7
1409 3011 1420 3042 :
1474 3008 1541 3042 ne
1593 2993 1870 3057 gloriosam
1908 2994 2134 3043 'militiam
2172 2993 2500 3042 seditionibus
2555 2991 2841 3069 infusca-

718 3084 873 3127 rent.
945 3074 1120 3127 Sidon.
1176 3077 1403 3142 Apollin.
1441 3076 1564 3131 VII.
1604 3079 1731 3129 506:
1804 3088 1955 3143 quem
1990 3079 2205 3129 fuscat
2262 3078 2316 3127 id
2376 3093 2553 3138 unum,
2614 3076 2759 3137 Quod
2794 3082 2845 3123 te

717 3160 880 3211 Roma
917 3162 1099 3228 capit.“
1173 3162 1374 3213 Ennod.
1415 3161 1584 3213 Carm.
1622 3164 1691 3214 11.
1730 3166 1793 3215 15
1830 3176 1877 3223 Ρ.
1917 3166 2031 3214 338.
2066 3162 2143 3215 A:
2214 3162 2495 3214 Candida
2551 3178 2617 3212 ne
2658 3160 2843 3211 meritis

717 3245 1061 3297 fuscentur
1117 3250 1394 3298 stamina
1446 3250 1647 3303 nostris,
1716 3248 1880 3313 Epist.
1918 3249 2014 3298 IV.
2052 3250 2082 3299 3
2118 3262 2169 3309 Ρ.
2208 3251 2289 3305 71,
2325 3248 2397 3301 B:
2465 3256 2523 3298 ut
2558 3249 2692 3313 quod
2726 3261 2845 3311 pro-

723 3332 862 3397 priae
898 3334 1294 3385 conservationis
1331 3334 1464 3384 nube
1499 3334 1786 3395 fuscavi,
1850 3336 2119 3399 splendida
2176 3333 2518 3383 conscientiae
2579 3333 2844 3383 serenitate

725 3419 1032 3483 detergeat.“
1078 3419 1279 3469 ‘Paean
1317 3420 1446 3470 Pan.
1485 3421 1533 3479 3,
1568 3421 1627 3469 4:
1678 3420 1811 3468 hanc
1846 3420 2225 3483 gaudiorum
2262 3420 2602 3484 praesentium
2636 3418 2845 3467 lucem

718 3498 940 3554 tristium
979 3506 1456 3555 commemoratione
1493 3505 1817 3565 fuscare“‚
1872 3486 2063 3567 quibus'
2104 3504 2289 3554 similia
2322 3505 2459 3554 hae&
2482 3503 2652 3568 posuit
2686 3500 2845 3552 Gual-

716 3589 890 3641 therus
925 3588 1082 3641 Alex.
1117 3591 1214 3641 IV.
1263 3592 1388 3643 358:
1442 3593 1791 3642 candorem
1844 3589 2009 3641 famae
2062 3585 2275 3653 fuligine
2326 3588 2455 3638 labis
2492 3584 2843 3638 obfuscare

713 3674 914 3738 queat.“
996 3675 1181 3727 Boeth.
1220 3673 1374 3727 Cous.
1422 3672 1554 3730 Phil.
1591 3676 1635 3725 1.
1670 3678 1705 3726 4
1750 3688 1799 3735 Ρ.
1839 3676 1937 3725 628
1981 3686 2084 3739 sq.3
2152 3690 2300 3739 quam
2361 3672 2705 3737 (dignitatem)
2768 3674 2843 3723 uti

715 3760 927 3825 alicujus
981 3758 1188 3813 sceleris
1247 3763 1556 3812 admixtione
1609 3762 1963 3813 fuscarent.
2034 3760 2129 3811 IV.
2184 3761 2214 3810 3
2273 3772 2320 3820 Ρ.
2371 3761 2485 3810 798.
2519 3758 2595 3810 B:
2654 3774 2841 3824 prae-

713 3847 892 3896 mium
951 3847 1222 3909 bonorum,
1283 3850 1418 3912 quod
1473 3848 1643 3897 nullus
1690 3849 1885 3899 deterat
1916 3843 2063 3907 dies,
2122 3846 2313 3894 nullius
2370 3846 2561 3893 minuat
2605 3853 2841 3909 potestas,

712 4052 852 4102 valla
884 4054 1104 4118 patentis
1143 4052 1435 4119 Corripiunt
1488 4054 1653 4119 campi
1706 4052 2077 4117 properatis
2132 4052 2323 4101 eminus
2360 4050 2612 4100 hastis“
2668 4048 2731 4101 cf.
2769 4050 2839 4103 ΙΙ.

713 4122 838 4173 346:
873 4138 1077 4187 pressae
1112 4129 1466 4188 properata
1503 4122 1764 4173 casside
1801 4118 1998 4171 malae“
2035 4121 2099 4169 cf.
2136 4120 2361 4169 Broukh.
2397 4119 2509 4169 Tib.
2536 4118 2631 4170 IV.
2676 4124 2717 4179 l,
2742 4120 2840 4169 205

711 4204 760 4251 Ρ.
799 4192 902 4241 380
935 4205 1011 4255 sq.
1065 4196 1116 4239 et
1169 4206 1314 4255 quem
1371 4192 1510 4241 addit
1563 4191 1884 4241 Burmannus
1937 4189 2093 4238 Anth.
2152 4189 2267 4239 Lat.
2323 4188 2363 4241 Ι.
2402 4190 2482 4248 72,
2524 4190 2616 4237 181
2671 4204 2721 4252 p.
2759 4190 2840 4248 50,

710 4258 940 4309 Lambin.
979 4258 1107 4309 Hor.
1146 4256 1310 4312 Carm.
1350 4258 1419 4311 ΙΙ.
1458 4263 1504 4320 7,
1542 4261 1626 4310 24.
2456 4266 2459 4269 ’
