3234 4967
669 363 768 412 278
1497 321 1786 424 Conject.
1820 359 1945 414 XX.

653 533 732 598 ,de
769 548 870 598 quo
904 531 1041 582 infra
1075 533 1296 602 dicetur:
1333 547 1627 598 expense,
1663 540 1944 597 experte,
1984 527 2267 596 exserto)
2306 533 2486 598 quaeri
2521 539 2693 596 potest
2726 547 2793 580 an

666 619 1069 684 praedicaverint
1127 625 1388 670 exertos
1423 619 1653 683 pedes,
1709 623 1998 668 exertum
2050 619 2338 682 gradumz
2398 632 2607 666 acumen
2662 617 2793 666 enim

672 705 828 754 habet
863 703 1270 754 commemoratio
1307 705 1452 768 pedis
1487 705 1713 770 expediti
1768 713 1818 753 et
1870 704 2053 767 quasi
2106 703 2321 753 stricti
2362 701 2690 767 ejusdemque
2727 727 2791 736 —-

667 789 848 839 mirum
887 817 948 826 —-·
987 791 1278 840 cunctati
1316 787 1402 852 (cf.
1441 789 1612 840 Burm.
1641 791 1762 839 Val.
1798 789 1969 838 Flacc.
1995 788 2091 838 VI.
2118 790 2217 840 540
2251 804 2298 853 p.
2336 787 2457 853 554)
2496 803 2793 852 gressus-

671 890 769 939 que
805 876 952 925 simul
989 876 1275 925 exertius
1309 876 1556 940 prolati
1610 875 1846 940 avidique
1884 879 1936 924 et
1971 875 2227 939 suspensi:
2258 874 2487 940 ,qualem
2544 875 2793 924 incessum

670 975 906 1024 magnum
941 961 1204 1026 superbiae
1242 963 1594 1012 documentum
1650 976 1763 1010 esse
1797 960 1881 1008 vel
1917 960 2187 1010 Petronius
2223 959 2389 1023 arguit
2426 960 2523 1009 126
2576 975 2629 1024 p.
2667 961 2796 1009 772:

671 1046 1049 1110 superbiam
1077 1054 1250 1111 captas
1289 1072 1353 1082 -·-
1389 1047 1496 1111 (μισ
1528 1049 1662 1096 enim
1700 1053 1933 1112 spectant
1968 1047 2129 1094 flexae
2154 1046 2353 1110 pectine
2378 1033 2553 1094 comae
2590 1071 2654 1080 —-
2691 1058 2795 1108 quo

670 1133 896 1181 incessus
934 1138 1066 1182 tute
1105 1128 1500 1198 compositus
1555 1142 1606 1182 et
1659 1149 1723 1184 ne
1760 1132 1979 1195 vestigia
2014 1132 2213 1196 quidem
2249 1131 2435 1196 pedum
2474 1137 2623 1180 extra
2657 1144 2796 1178 men-

671 1231 838 1266 suram
873 1217 1168 1278 aberrantia,
1203 1219 1300 1268 nisi
1337 1220 1473 1282 quod
1507 1219 1768 1270 formam
1804 1219 2193 1282 prostituas,
2229 1225 2285 1266 ut
2302 1217 2494 1266 vendas
2508 1215 2564 1266 ?“
2601 1215 2794 1276 Quam-

611 1337 615 1346 .
673 1317 836 1366 quam,
862 1305 1174 1368 comparatio
1212 1301 1441 1354 Senecae
1477 1305 1510 1358 l.
1549 1307 1630 1356 d.:
1668 1319 1973 1368 expensO.
2028 1303 2172 1352 Flor.
2211 1310 2479 1366 experto
2518 1307 2568 1350 et
2601 1301 2799 1350 Lucani

669 1387 739 1439 V.
779 1391 876 1438 102
913 1390 1292 1454 expositum.
1362 1390 1565 1440 Thuan.
1628 1405 1729 1440 sec.
1770 1396 2102 1455 expertum
2162 1388 2387 1437 animum
2448 1401 2509 1436 eo
2569 1387 2797 1446 inclinat,

670 1481 726 1522 ut
773 1475 1138 1539 expositum
1196 1477 1366 1540 potius
1410 1477 1637 1540 -gradum
1690 1491 1721 1524 a
1774 1471 2045 1540 Propertio
2106 1475 2293 1525 dietum
2352 1474 2587 1533 arbitrer,
2648 1487 2798 1536 quam

671 1568 1023 1620 exsertum,
1059 1566 1116 1608 ut
1151 1567 1230 1610 est
1265 1563 1402 1625 apud
1436 1561 1797 1625 Angilbertum
1834 1563 1897 1611 de
1920 1557 2126 1611 'Carolo
2144 1561 2217 1614 M.
2254 1559 2353 1610 111.
2376 1561 2499 1610 266:
2536 1559 2799 1622 Tempe-

673 1653 770 1694 rat
803 1645 1166 1710 expositum
1203 1646 1352 1710 spatii
1387 1647 1729 1714 moderamine
1764 1645 2077 1712 gressum“
2116 1645 2179 1696 cf.
2217 1645 2341 1697 Stat.
2382 1645 2507 1696 silv.
2542 1644 2585 1698 Ι.
2622 1645 2670 1704 2,
2708 1643 2803 1693 342

669 1740 890 1796 aperto
925 1729 1008 1779 Ire
1037 1730 1203 1779 redire
1239 1732 1480 1794 gradu.“

804 1815 926 1866 Jam
973 1815 1027 1865 in
1065 1814 1458 1876 Quintiliani
1509 1817 1625 1867 loco
1658 1817 1758 1866 XI.
1797 1819 1852 1879 3,
1900 1819 1991 1869 76:
2044 1818 2179 1867 oculi
2232 1816 2378 1880 rigidi
2433 1821 2483 1864 et
2516 1813 2801 1863 extenti“

673 1901 894 1951 dubitari
945 1901 1034 1950 vix
1080 1900 1202 1950 licet
1254 1903 1375 1966 quin
1427 1909 1566 1952 recte
1620 1903 1907 1968 suspicatus
1962 1903 2025 1952 sit
2060 1901 2389 1967 Spaldingius
2440 1899 2802 1949 restituendum

672 2001 782 2036 esse
835 1985 1113 2035 exserti:
1183 1986 1517 2036 firmissimum
1571 1987 1702 2037 enim
1768 1989 1903 2052 quod
1964 1988 2171 2038 afferam
2234 1986 2572 2038 testimonium
2638 1984 2802 2034 habeo

671 2070 878 2136 Apulcji
911 2070 1036 2122 Met.
1073 2070 1138 2120 Π.
1177 2087 1226 2135 p.
1269 2073 1389 2121 144:
1429 2073 1712 2122 exsertis
1750 2081 1801 2122 et
1834 2073 2119 2122 inconnivis
2155 2072 2360 2121 oculis
2397 2085 2595 2135 semper
2629 2070 2681 2118 in
2718 2083 2803 2118 ca·

672 2157 830 2206 daver
865 2153 1120 2214 intentis“,
1153 2157 1290 2205 unde
1327 2158 1393 2206 ad
1431 2157 1630 2208 Statii
1666 2158 1809 2209 locos
1846 2159 2009 2211 Theb.
2037 2159 2105 2207 Π.
2126 2159 2251 2209 506:
2286 2157 2547 2207 Pallentes
2584 2161 2806 2204 erecta

673 2241 872 2306 genas“
909 2247 960 2290 et
995 2239 1064 2291 V.
1101 2241 1192 2292 95:
1230 2241 1314 2292 Sic
1351 2251 1570 2292 erecta
1605 2243 1796 2307 genas“
1828 2241 2037 2306 (Heius.
2068 2243 2332 2293 Claudian.
2356 2257 2406 2306 p.
2434 2242 2531 2290 962
2569 2245 2806 2290 exesta

673 2328 752 2376 vel
790 2326 1007 2388 offusa
1043 2325 1106 2378 cf.
1146 2325 1266 2380 Val.
1303 2328 1474 2382 Flacc.
1513 2329 1609 2378 IV.
1648 2331 1749 2380 482
1785 2346 1834 2395 p.
1872 2329 1996 2393 375)
2018 2331 2107 2386 ,sic
2144 2328 2499 2391 corrigendos:
2547 2331 2807 2375 exserta

675 2409 866 2476 genas“
925 2417 1038 2460 tuto
1099 2414 1424 2476 progrediar-e
1477 2429 1569 2480 per
1620 2397 1785 2480 ipsum
1840 2413 2348 2464 Lactantium‘II.
2400 2411 2436 2461 1.
2473 2412 2519 2460 (1.
2577 2409 2805 2473 quamvis

677 2499 857 2548 eodem
893 2497 1014 2546 vitio
1051 2496 1313 2548 affectum:
1375 2507 1625 2550 erectas
1673 2516 1830 2564 genas
1866 2501 2093 2550 habens·‘
2150 2501 2203 2547 id
2258 2507 2333 2548 est
2384 2503 2679 2547 exsertas
2736 2493 2803 2545 cf.

673 2585 844 2632 adnot.
879 2581 1062 2644 Eclog.
1097 2597 1146 2631 v.
1187 2583 1268 2634 85.
1341 2585 1592 2638 Ammian.
1630 2586 1792 2639 Marc.
1830 2584 1982 2636 XVI.
2021 2587 2099 2646 10,
2132 2587 2221 2634 1οε
2258 2584 2400 2633 velut
2442 2583 2575 2634 collo
2611 2581 2807 2630 munito

673 2675 914 2717 rectam
973 2666 1133 2716 aciem
1179 2667 1423 2719 luminum
1459 2671 1727 2722 tendens.“
1798 2672 1969 2720 Bentl.
2006 2670 2335 2726 Hor.,Carm.
2372 2668 2413 2717 I.
2452 2669 2499 2729 3,
2537 2669 2599 2716 18
2637 2683 2687 2731 p.
2726 2669 2808 2717 10.

675 2753 856 2816 Neque
889 2750 968 2802 illi
1004 2751 1289 2817 Spaldingii
1325 2756 1538 2805 consilio
1575 2771 1679 2806 non
1715 2771 1775 2806 ea
1828 2771 1911 2807 res
1947 2755 2275 2820 suffragatur,
2330 2755 2466 2817 quod
2521 2759 2571 2801 et
2625 2753 2807 2802 eodem

674 2841 828 2890 modo
863 2839 1110 2888 variatum
1146 2837 1414 2888 scribendo
1452 2849 1528 2890 est
1560 2842 1614 2890 in
1641 2829 1817 2891 eodem
1854 2842 2021 2907 capite
2044 2843 2170 2892 116:
2207 2855 2383 2889 manus
2420 2837 2809 2890 exertiores:

677 2925 1115 2984 extensiores,
1153 2923 1289 2987 apud
1326 2921 1664 2975 Claudianum
1701 2927 1762 2976 R.
1797 2927 1942 2978 Pros.
1980 2927 2078 2977 ΙΙΙ.
2114 2928 2240 2976 377:
2280 2932 2507 2976 exerta
2541 2939 2720 2973 manus
2754 2924 2807 2972 in

677 3009 831 3062 Voss.
867 3025 941 3075 pr.
979 3015 1272 3070 extensa,
1310 3012 1446 3074 apud
1483 3011 1749 3062 Valerium
1784 3013 2067 3062 Maximum
2102 3010 2169 3060 V.
2203 3013 2253 3072 4,
2290 3013 2319 3058 7
2378 3015 2595 3059 exerto
2648 3009 2808 3060 ubere

675 3097 728 3146 in
765 3096 959 3159 aliquot
992 3095 1136 3145 libris
1173 3103 1443 3148 extento
1482 3105 1533 3148 et
1569 3099 1777 3148 verbum
1816 3099 2100 3149 exerciti
2138 3113 2165 3146 e
2202 3097 2354 3150 Voss.
2395 3097 2440 3144 1.
2478 3097 2508 3145 3
2552 3101 2809 3144 enotatum

678 3182 880 3246 saepius
914 3179 968 3228 in
1003 3181 1172 3230 locum
1209 3182 1353 3231 verbi
1389 3185 1630 3233 exserti
1668 3183 1932 3234 suffectum
1967 3197 2083 3233 esse
2120 3182 2511 3247 comprobarunt
2544 3179 2809 3245 Wopken-

679 3269 780 3318 sius
813 3265 990 3316 Pacat.
1028 3265 1062 3315 l.
1100 3267 1148 3316 d.
1188 3273 1241 3314 et
1276 3265 1608 3334 Spaldingius
1647 3286 1697 3335 p.
1734 3271 1835 3320 390
1871 3278 1921 3318 et
1953 3271 2052 3319 421
2074 3268 2153 3318 cf.
2192 3269 2322 3318 Oud.
2359 3268 2552 3322 Lucan.
2590 3267 2687 3318 III.
2709 3267 2811 3317 693

676 3371 730 3418 p.
768 3353 883 3404 252.
928 3350 1112 3401 Arntz.
1149 3350 1362 3404 Eumen.
1400 3354 1435 3406 1.
1475 3355 1522 3403 d.
1559 3356 1677 3406 add.
1715 3355 1989 3420 Hegesipp.
2025 3355 2060 3404 1.
2095 3354 2229 3403 infra
2253 3353 2391 3404 affer.
2428 3353 2581 3404 Unde
2606 3368 2670 3402 ne
2696 3353 2811 3414 quis

677 3439 880 3490 labatur
913 3437 980 3486 ad
1012 3435 1164 3487 >Silii
1216 3450 1418 3488 versum
1472 3439 1625 3491 XVI.
1679 3443 1805 3493 253:
1878 3446 2227 3504 extentaque
2261 3440 2413 3502 tellus
2451 3433 2809 3503 Syrtibus“
2838 3437 2851 3448 '

678 3524 1018 3592 (praetenta
1049 3521 1220 3571 Heins.
1263 3522 1451 3588 Drak.)
1503 3527 1750 3577 audacius
1799 3528 1854 3576 in
1909 3527 2062 3576 aliam
2098 3525 2399 3575 sententiam
2436 3523 2813 3586 corrigendum,

679 3619 883 3662 cautum
942 3608 1063 3658 volo
1125 3621 1236 3657 esse
1296 3612 1542 3675 exemplis
1600 3612 1803 3662 Lucani
1839 3611 1989 3663 VIII.
2030 3613 2153 3662 539:
2226 3611 2433 3660 Perfida
2469 3623 2569 3672 qua
2604 3607 2812 3658 tellus

681 3696 843 3750 Casiis
904 3694 1200 3745 excurrit
1258 3698 1514 3748 arenis“
1575 3703 1631 3749 et
1664 3697 1833 3750 Ovidii
1869 3699 1997 3749 Met.
2032 3696 2127 3751 XI,
2172 3699 2292 3748 151:
2364 3697 2643 3758 clivoque
2704 3709 2811 3742 ex-

689 3790 900 3832 tentus
936 3785 1154 3844 utroque
1191 3780 1454 3833 Tmolus.“
1525 3785 1676 3836 Libet
1710 3787 1809 3835 hoc
1845 3785 2065 3848 adjicere
2100 3785 2153 3832 in
2190 3798 2251 3832 ea
2285 3781 2563 3839 sententia,
2620 3779 2674 3828 in
2712 3793 2816 3842 qua

683 3866 902 3918 Ovidius
956 3865 1200 3916 Sunion
1255 3870 1612 3933 expositum
1668 3871 1862 3934 (Burm.
1898 3871 2039 3920 Fast.
2075 3870 2170 3920 IV.
2216 3869 2315 3919 563
2358 3883 2408 3933 p.
2454 3862 2579 3929 276)
2630 3864 2817 3929 posuit,

683 3971 715 4005 a
750 3953 915 4005 Statio
951 3950 1078 4004 silv.
1115 3950 1187 4001 ΙΙ.
1227 3953 1272 4012 2,
1313 3955 1378 4004 80
1415 3957 1514 4006 dici
1553 3964 1879 4007 exsertam
1916 3955 2268 4019 Megalian.

818 4037 928 4088 Nec
962 4021 1333 4087 Ermoldum
1371 4040 1961 4105 Nigellumquidem
2018 4051 2283 4106 praetereo
2343 4037 2441 4088 III.
2498 4037 2585 4086 83:
2659 4031 2815 4095 „Jam

684 4126 849 4189 magis
910 4132 1063 4188 atque
1124 4122 1286 4185 magis
1346 4140 1489 4177 mens
1551 4129 1783 4193 improba
1826 4134 1973 4177 nutat
2008 4135 2056 4176 et
2090 4126 2241 4174 armis
2276 4123 2495 4187 Insuper
2533 4117 2816 4170 extentis

685 4213 824 4266 bella
859 4211 1080 4263 nefanda
1115 4208 1315 4270 negat“,
1353 4213 1438 4262 ubi
1476 4222 1524 4264 et
1561 4215 1835 4266 exsertis
1871 4213 2023 4264 scribi
2058 4225 2150 4275 par
2186 4216 2273 4268 est,
2308 4216 2366 4257 ut
2402 4206 2536 4270 apud
2575 4203 2813 4256 Ovidium

689 4307 766 4348 est
799 4299 941 4350 Fast.
975 4297 1071 4350 111.
1111 4293 1210 4348 814
1243 4298 1446 4348 ensibus
1483 4300 1806 4353 exsertis“
1844 4297 2283 4361 Claudianumque
2319 4291 2440 4344 Ruf.
2476 4291 2547 4341 II.
2584 4291 2681 4340 401
2741 4285 2819 4354 (et

691 4385 1024 4444 Gualtherum
1048 4389 1204 4441 Alex·
1225 4381 1322 4436 IX.
1341 4387 1471 4438 424:
1509 4394 1770 4448 exserto
1806 4384 1978 4449 siquis
2016 4381 2293 4444 confligere
2328 4379 2505 4428 ferro
2543 4370 2815 4439 Audeat“)
