3234 4967
1286 397 1536 465 Adnot.
1575 412 1659 464 ss.
2085 491 2087 494 ι
2443 406 2562 473 145

408 643 605 687 voce
652 620 1032 709 poposcit.“
1109 617 1223 685 Sil.
1265 622 1316 689 Ι.
1369 616 1481 682 78:
1530 626 1604 686 ut
1645 616 1768 681 fari
1815 615 2288 705 primamque
2338 600 2564 681 datum

409 726 811 813 distinguere
872 724 1096 811 lingua
1154 722 1513 791 Hannibali
1556 714 1938 813 ¹{rocem“)
1996 720 2293 787 subnecti
2341 722 2565 787 absur-

409 832 564 898 dum
611 834 712 897 est
757 836 891 896 t'am
938 853 1211 917 gravem
1256 840 1521 917 tamque
1572 838 1872 893 ornatam
1918 826 2136 893 risus
2167 810 2562 915 praedicati-

412 946 602 1005 onem
658 936 765 1003 ne*
800 938 895 1003 ita
954 938 1221 1026 quidem
1282 926 1888 1019 commendabilem,
1953 936 2007 999 si
2053 926 2407 1027 blanditias
2457 934 2568 1001 do-

409 1046 569 1111 mini
624 1046 719 1111 ita
764 1042 1195 1127 sollicitantis,
1250 1052 1326 1108 ut
1368 1044 1510 1131 ipse
1557 1065 1724 1131 puer
1767 1042 2017 1107 rideret
2063 1051 2478 1130 sumeretque
2529 1064 2568 1105 a

412 1146 659 1216 domini
688 1150 874 1216 uultu
920 1148 1522 1235 gaudiasnarratas
1559 1170 1701 1215 esse
1738 1157 1987 1214 statuas
2019 1170 2268 1213 memor
2299 1148 2568 1214 Werns·

413 1252 609 1323 dorffi
652 1256 888 1324 Avien.
948 1255 1033 1321 D.
1098 1254 1179 1321 O.
1232 1255 1399 1321 1121
1452 1280 1518 1345 p.
1571 1254 1742 1319 1118
1803 1263 1870 1319 et
1913 1254 2136 1319 Vossii
2181 1254 2372 1341 Virg.
2424 1251 2566 1319 Ecl.

409 1364 530 1429 IV.
592 1362 678 1428 60
734 1387 799 1452 p.
863 1363 990 1427 172
1051 1371 1137 1447 et,
1208 1384 1403 1471 quem
1460 1361 1743 1449 Virgilio
1801 1364 1944 1467 jam
2015 1360 2327 1425 adhibere
2396 1360 2568 1443 licet,

413 1450 886 1566 Mythographi
958 1470 995 1533 Ι.
1066 1466 1189 1533 176
1244 1492 1312 1569 Ρ.
1370 1466 1478 1555 54,
1539 1467 1658 1532 24:
1736 1471 1808 1533 [n
1875 1489 2004 1554 qua
2072 1465 2308 1559 (aurea
2376 1465 2568 1553 sella)

415 1556 650 1641 ‘sedens
696 1573 873 1641 Juno
933 1576 1102 1658 risit,
1158 1574 1333 1640 uude
1394 1570 1706 1661 cognovit
1763 1597 1946 1638 suam
1992 1582 2268 1638 matrem
2317 1596 2458 1639 esse
2481 1572 2571 1637 “P

414 1680 753 1747 Postremo
798 1682 1011 1747 acrius
1043 1680 1518 1745 intendendum
1551 1689 1650 1745 est
1680 1677 1830 1745 voci
1857 1678 2175 1744 tenello
2211 1678 2571 1769 (tenendo

416 1776 653 1856 Venet.
701 1787 782 1854 cf.
828 1788 907 1855 ll.
962 1790 1017 1871 1,
1069 1787 1180 1855 25:
1228 1786 1365 1853 Vix
1409 1789 1593 1853 tenui
1639 1826 1726 1836 ---
1775 1784 2148 1874 offendique
2196 1760 2571 1851 tenendo.

417 1896 569 1962 add.
608 1894 803 1981 Valg.
850 1921 916 1985 p.
968 1839 1151 1985 3'.33)
1247 1895 1433 1977 Quae
1482 1919 1617 1960 vox
1665 1918 1861 1984 quum
1874 1894 2297 1981 interposita
2343 1895 2428 1959 sit
2472 1893 2574 1960 his

415 1990 667 2069 verbis.
729 2001 979 2070 ludus
1042 2015 1249 2090 erat,
1312 2028 1445 2071 non
1490 2007 1696 2094 priori
1743 2004 1971 2070 addita
2018 2003 2276 2089 legatur
2322 2012 2576 2068 senten-

417 2110 571 2193 tiae,
620 2131 751 2225 qua
797 2085 1044 2175 domini
1090 2134 1329 2177 nomen
1363 2134 1545 2177 orsus
1578 2134 1721 2175 esse
1754 2100 1942 2199 puer·
1957 2110 2282 2194 scribitur,
2330 2094 2573 2175 nedum

413 2200 531 2299 illi,
582 2216 713 2303 qua
758 2216 1079 2283 curiosius
1126 2214 1509 2305 complexus
1552 2226 1754 2305 poeta
1799 2226 1898 2281 est
1945 2226 2210 2305 questus
2259 2225 2324 2280 et
2364 2225 2576 2303 repta-

416 2320 667 2387 tionem
736 2332 803 2387 et
872 2320 926 2387 si
996 2323 1152 2412 quid
1224 2306 1403 2389 aliud
1471 2325 1863 2409 tenerrimae
1933 2324 2166 2388 aetatis
2235 2324 2576 2413 proprium

418 2429 745 2523 censetur,
795 2417 867 2494 ut
912 2433 1217 2517 pertenui
1262 2433 1357 2495 ita
1404 2433 1562 2496 satis
1602 2440 1784 2495 certo
1817 2430 2057 2495 indicio
2092 2439 2157 2495 et
2189 2438 2574 2515 argumento

417 2536 671 2599 eruitur
719 2529 785 2599 et
829 2536 1061 2623 patefit
1087 2536 1561 2625 praedicatum
1607 2537 1714 2601 hic
1760 2514 1957 2602 fuisse
1989 2523 2198 2625 majus
2231 2536 2478 2625 aliquid
2511 2544 2576 2604 et

415 2626 878 2733 praestantius,
912 2665 1107 2730 quam
1140 2643 1318 2733 quod
1351 2643 1656 2711 tenella
1687 2653 1869 2709 aetas
1903 2641 2213 2708 soleret
2245 2664 2574 2726 exserere,

420 2754 488 2811 et
536 2738 735 2833 quod
790 2747 914 2835 sibi
972 2746 1307 2839 demptum
1368 2760 1568 2839 poeta
1614 2750 1764 2843 jure
1821 2750 1904 2815 ab
1949 2750 2050 2815 ira
2097 2748 2431 2815 Musarum
2481 2748 2575 2838 (v.

418 2852 462 2917 3
418 2849 637 2941 3sq.)
686 2830 1025 2920 videretur
1076 2866 1404 2965 repetere.
1502 2855 1680 2939 Quid
1727 2854 1980 2922 multa?
2028 2856 2578 2945 quemadmodum

416 2956 491 3024 ιιι
520 2950 789 3025 futuri
771 2964 1027 3074 imperii
1073 2960 1263 3029 omen
1292 2966 1495 3031 vertit
1526 2963 1952 3049 ClaudianuS,
2003 2962 2179 3054 quod
2209 2962 2576 3028 Honorius:

418 3067 738 3197 Re'p'tavit
798 3066 921 3157 =per
982 3079 1165 3135 scuta
1222 3092 1389 3159 puer
1441 3093 1798 3159 regumque
1847 3079 2146 3145 recentes
2193 3066 2578 3156 Exuviae

418 3210 511 3219 —-
554 3169 803 3239 ludus
852 3169 1135 3241 erant“
1182 3169 1317 3265 (ΙΙΙ.
1364 3175 1563 3242 Gens..
1610 3176 1786 3241 Hon.
1839 3176 1976 3269 22),
2027 3175 2355 3258 SidoniuS,
2404 3146 2581 3263 quod

420 3254 820 3345 Anthemius
888 3290 1294 3371 „postquam
1352 3283 1599 3371 primos
1667 3282 1882 3377 infans
1959 3292 2276 3376 exegerat
2351 3304 2578 3365 annos,

421 3374 759 3470 Reptabat
804 3386 998 3475 super
1045 3410 1229 3453 arma
1272 3388 1497 3475 patris.
1547 3427 1636 3437 -
1681 3367 1949 3455 Ludus
1996 3397 2138 3454 erat
2183 3410 2388 3476 puero
2436 3411 2580 3475 rap-

420 3488 530 3554 tas
578 3513 665 3555 ex
677 3487 881 3559 hoste
928 3492 1281 3579 sagittas
1310 3494 1587 3560 Festina
1633 3504 1995 3559 tractare
2041 3498 2295 3559 manu“
2329 3493 2577 3583 (Carm.

418 3576 967 3689 11.134-139),
1015 3600 1153 3688 ipse
1184 3600 1475 3667 Achilles
1508 3611 1728 3666 autem
1761 3625 2022 3667 suorum
2071 3623 2398 3666 armorum
2445 3598 2579 3685 glo-

418 3704 695 3794 riaeque
740 3700 1063 3771 elementa
1093 3706 1259 3773 haec
1280 3710 1523 3795 jactat:
1574 3730 1884 3796 spargere
1932 3716 2262 3773 caestus
2307 3706 2578 3773 Ludus

423 3814 607 3875 'erat
652 3810 1149 3925 requiesque
1196 3809 1388 3878 mihi
1436 3796 1828 3903 (Achill.11.
1876 3798 2060 3905 442),
2107 3816 2202 3879 ita
2249 3814 2582 3899 egregiam

421 3914 773 4033 Profitetnr
833 3920 901 4031 et'
952 3918 1111 4008 prae
1161 3943 1229 3985 se
1277 3915 1404 3985 fert
1451 3922 1700 3987 Statius
1746 3923 1814 3985 in
1861 3944 1939 3987 eo
1986 3921 2234 3986 infante
2283 3943 2352 3985 se
2403 3942 2584 4006 spem

419 4018 851 4111 reposuisse,
885 4021 955 4089 ιιι
1017 4048 1145 4114 quo
1206 4037 1419 4092 certas
1482 4027 1798 4119 quasdam
1857 4028 2132 4092 virtutes
2191 4026 2439 4113 ingenii
2500 4024 2584 4089 ad

421 4119 933 4229 percipiendas
964 4130 1340 4219 disciplinas
1410 4134 1755 4222 compositi
1823 4113 2114 4199 vidisset.
2228 4132 2344 4197 Ait
2415 4132 2584 4195 enim

422 4222 748 4301 tenello
779 4236 1064 4329 'ludum
1112 4239 1331 4321 fuisse,
1382 4241 1491 4327 qui
1536 4237 1644 4305 vel
1692 4240 2198 4305 firmioribus
2246 4260 2387 4303 esse
2429 4237 2586 4302 sole·

423 4352 532 4409 r'et
594 4338 851 4407 labor:
923 4345 1016 4408 ait
1076 4352 1295 4407 autem
1356 4344 1480 4409 hoc
1542 4325 1619 4432 et,
1667 4344 1807 4431 ipse
1866 4338 2176 4431 expertus
2235 4367 2382 4408 eum
2438 4367 2588 4409 rara

424 4447 789 4514 memoriae
838 4441 1149 4515 felicitate
1183 4472 1474 4517 versus
1522 4448 1869 4514 edidicisse
1899 4448 2005 4515 vel
2055 4474 2139 4515 ex
2185 4474 2302 4515 ore.
2347 4451 2588 4515 dictan-

746 4554 874 4609 stat.
910 4556 1093 4627 Eclog.
2115 4560 2178 4611 10
