3234 4967
1323 394 1544 447 Adnot.
1585 394 1667 446 31.
2484 389 2562 453 47

417 601 906 669 Wernsdorfius
938 625 1002 689 p.
1042 600 1170 666 110
1203 622 1320 686 sq.,
1353 620 1563 686 neque
1606 621 1853 682 eorum,
1891 621 2057 686 quae
2092 598 2469 664 Gronovius
2500 598 2569 663 in

417 708 566 773 Sen.
613 706 790 771 Med.
841 705 883 771 5
929 729 994 793 p.
1042 704 1174 771 453
1235 706 1304 769 in
1351 703 1643 769 medium
1704 703 1923 769 attulit
1969 704 2049 769 cf.
2100 704 2253 771 Sen.
2303 702 2574 789 Thyest.

423 814 578 879 101:
621 813 983 879 furorem
1030 810 1436 876 divide.in
1479 820 1685 875 totam
1734 811 2064 876 domum.“
2110 812 2264 875 Tro.
2298 810 2458 877 959:
2504 811 2572 874 in

419 928 627 985 totum
673 940 944 1004 gregem
981 917 1376 983 Dividere
1408 927 1729 982 matrem
1751 916 1822 1006 “)
1868 927 1934 981 et
1975 918 2021 980 ii
2076 926 2571 1004 componantur,

419 1048 582 1113 quos
627 1024 964 1112 utriusque
1011 1022 1212 1106 modi,
1261 1045 1390 1111 quo
1423 1021 1707 1089 Statium
1758 1021 2059 1088 volumus
2116 1045 2305 1089 usum
2354 1022 2573 1105 fuisse,

421 1152 719 1197 suasores
765 1130 1109 1215 habemus3
1171 1129 1324 1194 hinc
1385 1130 1556 1195 enim
1605 1139 1783 1195 stant
1840 1127 2187 1194 Juvenalis
2244 1128 2363 1193 VI.
2412 1130 2575 1195 382:

421 1238 634 1325 crispo
696 1244 1124 1303 numerantur
1187 1236 1517 1323 pectine
1580 1234 1972 1318 chordae,
2031 1234 2293 1299 Persius
2340 1234 2455 1299 VI.
2506 1236 2577 1300 2:

420 1342 655 1407 Jamne
719 1341 866 1429 lyra
927 1350 992 1405 et
1051 1341 1288 1405 tetrico
1343 1342 1576 1403 vivunt
1636 1339 1754 1405 tibi
1814 1342 2150 1426 pectine
2210 1339 2579 1405 chordae

423 1448 745 1536 Siliusque
769 1448 854 1511 V.
878 1446 1044 1511 463:
1071 1444 1372 1532 pulsabat
1405 1469 1448 1532 p
1464 1468 1497 1508 e
1517 1446 1733 1510 ctine
1774 1468 1913 1510 ner
1932 1470 2020 1511 vo
2037 1471 2065 1513 s
2090 1447 2173 1512 cf.
2198 1447 2270 1511 M
2272 1448 2578 1513 aximian.

423 1554 617 1639 Eleg.
668 1553 790 1618 IV.
844 1553 946 1617 11.
1001 1550 1204 1616 Basil.
1253 1551 1498 1617 Zanch.
1550 1551 1765 1617 Carm.
1814 1554 1883 1617 in
1941 1552 2233 1619 Gabriel.
2282 1551 2577 1619 Altilium

425 1683 492 1748 p.
527 1658 728 1723 1454:
760 1657 946 1723 Haec
969 1658 1164 1722 modo
1188 1655 1449 1722 vocales
1473 1658 1800 1744 percussit
1830 1680 1925 1745 pe
1945 1659 2169 1723 ctine
2214 1658 2579 1741 chordas,

427 1763 607 1829 illinc
664 1762 944 1829 Ovidius
1002 1761 1152 1827 Am.
1198 1763 1290 1827 II.
1339 1763 1412 1845 4,
1461 1763 1578 1827 27:
1658 1762 1965 1850 querulas
2041 1761 2195 1849 agili
2256 1767 2578 1851 percurrit

423 1867 726 1956 pollice
785 1867 1138 1933 chordas
1187 1876 1253 1933 et
1311 1867 1454 1933 aliis
1502 1866 1682 1950 lociS,
1734 1890 1896 1955 quos
1943 1869 2215 1955 protulit
2264 1868 2576 1935 Ciofanus

423 1976 578 2039 Met.
614 1975 696 2039 V.
729 1974 860 2039 339
906 1997 972 2061 p.
1006 1973 1137 2038 342
1181 1971 1488 2038 laudatus
1537 1971 1819 2037 Barthio
1866 1998 1929 2061 p.
1962 1975 2113 2057 504,
2148 1976 2288 2063 ipse
2331 1976 2578 2041 Statius

423 2080 657 2145 Achill.
712 2080 769 2145 I.
831 2080 986 2145 187:
1050 2089 1358 2167 expertas
1405 2077 1719 2167 pollice
1778 2080 2159 2164 chordas,
2208 2080 2403 2147 Silius
2450 2081 2578 2147 XI.

421 2186 580 2251 436:
628 2188 1006 2253 resonantia
1050 2184 1353 2273 pollice
1401 2183 1582 2266 fila,
1634 2184 1930 2251 Tibullus
1975 2186 2066 2251 ΙΙ.
2101 2186 2163 2269 5,
2198 2188 2273 2252 4:
2319 2186 2581 2253 vocales

425 2293 762 2381 impellere
810 2291 1116 2382 pollice
1167 2290 1470 2356 chorda
1491 2295 1598 2373 s“,
1650 2292 2077 2357 Nemesianus
2121 2294 2333 2359 Laud.
2382 2294 2580 2359 Herc.

426 2400 536 2463 17:
604 2397 786 2464 leves
853 2396 1132 2486 impellis
1178 2395 1484 2485 pollice
1533 2396 1917 2481 chordas,
1966 2398 2311 2465 Ennodius
2360 2400 2579 2467 Carm.

419 2504 510 2569 II.
558 2505 664 2587 90,
720 2507 752 2569 1
803 2528 866 2593 p.
916 2504 1068 2569 351.
1117 2503 1228 2571 O.:
1272 2501 1490 2569 vocali
1533 2502 1837 2590 pollice
1901 2504 2251 2570 chordas
2296 2506 2426 2571 Per
2470 2528 2583 2571 nu-

420 2632 636 2675 meros
696 2611 1068 2693 animans,“
1129 2617 1358 2674 auctor
1409 2598 1606 2697 ‘Epit.
1680 2608 1756 2674 Il.
1818 2610 2015 2675 Hom.
2076 2611 2205 2676 887
2226 2638 2243 2678 ε
2303 2611 2582 2697 graciles

424 2725 698 2782 extenso
766 2714 1078 2804 pollice
1165 2713 1515 2781 chordas
1600 2716 2011 2800 Percurrit“;
2105 2716 2327 2804 plures
2408 2718 2581 2783 enim

425 2820 822 2909 supersedeo
871 2821 1258 2908 producere,
1307 2834 1382 2886 ut
1429 2821 1699 2887 Ennod.
1735 2822 1951 2888 Carm.
2000 2822 2052 2887 I.
2104 2824 2146 2887 2
2191 2846 2255 2911 p.
2300 2825 2421 2888 311
2474 2822 2580 2888 A.:

424 2926 680 2993 Offerat
725 2938 958 3013 arguto
1006 2927 1318 3015 pollice
1376 2928 1554 3016 quod
1613 2927 1970 3015 loquitur.“
2044 2930 2081 2993 8
2131 2951 2197 3016 p.
2255 2930 2406 2995 322.
2464 2928 2579 2995 A.:

423 3034 763 3121 Quidquid
808 3032 1157 3123 Apollineo
1202 3033 1634 3121 loquebamur
1679 3056 1777 3122 pe
1803 3036 1971 3099 ctin
1994 3057 2049 3099 e.
2124 3037 2165 3099 2
2196 3058 2259 3121 Ρ.
2294 3036 2446 3100 31].
2482 3034 2579 3100 C..-

419 3140 742 3207 Dircaeus
787 3141 1007 3226 tetigit
1054 3139 1232 3228 quod
1275 3142 1608 3228 pectine
1671 3140 1955 3205 vixit.“
2050 3140 2359 3206 Ceterum
2416 3139 2580 3205 haec

424 3247 844 3311 commentati
888 3245 1192 3311 videmur
1237 3246 1699 3334 supplementa
1754 3246 2073 3334 quaedam
2133 3247 2466 3335 scripsisse
2514 3257 2581 3313 et

425 3351 539 3432 iis,
587 3374 753 3441 quae
803 3352 886 3417 de
941 3351 1262 3419 vocabulo
1321 3354 1687 3440 pectinis
1745 3351 1966 3419 attulit
2024 3351 2318 3439 Scaliger
2372 3352 2574 3419 Anth.

425 3456 572 3523 Lat.
614 3456 680 3522 ll.
726 3460 871 3540 130,
921 3460 1001 3523 21
1053 3482 1118 3546 Ρ.
1166 3460 1296 3525 313
1338 3481 1420 3523 ne
1455 3459 1707 3524 Valerii
1740 3457 1961 3525 Flacci
2009 3458 2273 3548 quidem
2322 3482 2573 3525 memor

422 3562 548 3628 111.
585 3564 732 3629 160.
779 3564 950 3654 541,
1011 3575 1077 3629 et
1121 3564 1450 3631 Perizonii
1504 3565 1598 3630 illi
1658 3564 1741 3629 de
1799 3564 2035 3653 plectri
2097 3567 2316 3653 specie
2378 3576 2573 3654 atque

423 3692 543 3733 usu
593 3670 1025 3757 disputationi
1071 3668 1331 3735 Aelian.
1382 3672 1542 3737 Var.
1591 3672 1767 3737 Hist.
1816 3672 1940 3737 III.
1990 3673 2077 3737 32
2123 3696 2187 3759 Ρ.
2237 3674 2362 3738 217
2414 3694 2509 3760 sq.

1367 3907 1445 3985 V.
1507 3905 1629 3989 33.

600 4093 786 4174 Quae
836 4093 1270 4160 Marklandus
1315 4108 1464 4183 post
1511 4094 1766 4163 Barthii
1813 4095 1987 4165 Adv.
2022 4097 2211 4167 XIV.
2256 4100 2290 4167 7
2341 4127 2403 4190 Ρ.
2442 4101 2569 4171 766

420 4196 588 4262 hanc
621 4198 1130 4266 dubitationem:
1165 4224 1246 4266 se
1267 4201 1308 4266 d
1338 4202 1509 4291 {puto
1540 4202 1649 4267 vel
1681 4203 2141 4290 explicandum
2186 4212 2572 4293 accuratius,

420 4326 615 4391 quam
661 4307 980 4393 propositi
1027 4309 1396 4393 argumenti
1457 4310 1625 4373 ratio
1674 4320 1937 4397 poscat,
1988 4310 2093 4377 vel
2154 4313 2374 4378 mendi
2428 4337 2569 4380 esse

421 4410 950 4497 suspiciendu1n“
985 4413 1343 4500 disputavit
1366 4414 1433 4477 in
1458 4413 1629 4479 hunc
1652 4416 1949 4481 modum:
1984 4418 2292 4499 „Dudum
2318 4442 2559 4505 quaero
