3234 4967
1277 369 1564 448 Gonj-ect.
1601 373 1782 449 XVII»
2495 375 2592 453 241

454 547 593 596 urbis
625 546 832 596 nomine
869 546 1023 596 valde
1059 545 1330 605 assentior,
1391 545 1455 594 de
1514 543 1785 594 inserenda
1820 559 1947 595 voce
1984 551 2289 598 aestuosa
2322 544 2594 602 vehemen-

453 631 640 688 tissime
673 646 920 696 repugno.
991 629 1220 694 Namque
1272 629 1426 692 longe
1480 629 1633 678 aliam
1686 627 1849 679 falsae
1902 629 2047 678 istius
2084 627 2309 679 Ebosiae
2347 629 2594 692 originem

453 715 610 776 fuisse
647 717 818 766 iidem·
852 715 1182 779 probabiliter
1227 714 1470 764 obtinere.
1540 713 1669 762 Inde
1724 713 1882 774 enim,
1939 713 2083 782 quod
2136 714 2289 778 apud
2302 710 2595 778 Corippum

451 800 638 850 Justin.
677 799 775 848 111.
818 802 918 850 294
954 798 1226 848 Imbrum
1267 807 1316 848 et
1351 798 1590 848 Ebrum
1628 797 1896 848 scribendo
1933 797 2117 845 variari
2153 803 2365 846 testatur
2402 798 2595 863 Foggi-

451 887 564 934 nius
599 901 650 948 p.
685 885 788 934 433
825 895 875 932 et
909 884 1045 948 apud
1080 882 1406 932 Ammianum
1442 882 1800 932 Marcellinum
1837 881 2023 933 XXII.
2062 885 2109 941 8,
2148 884 2178 938 2
2226 882 2278 930 in
2314 883 2414 933 Ms.
2453 883 2496 931 E
2511 898 2594 933 m-

452 971 623 1018 brum
660 969 914 1018 invenitur
974 966 1117 1030 (Itali
1156 968 1285 1016 enim
1341 983 1450 1016 eam
1510 967 1729 1016 insulam
1790 975 1979 1015 vocant
2034 965 2266 1015 Embro
2304 966 2593 1017 Tzschuek.

451 1052 574 1104 Mel.
613 1053 683 1105 11.
724 1055 769 1115 7,
807 1056 837 1103 8
874 1069 922 1116 p.
961 1053 1078 1102 661.
1113 1051 1237 1102 Vol.
1275 1051 1373 1100 111.
1412 1053 1486 1113 2),
1546 1051 1699 1100 facile
1734 1052 1897 1100 ducor
1932 1051 1995 1098 ad
2036 1049 2399 1114 suspicandum
2436 1046 2593 1098 libra·

451 1139 638 1188 riorum
669 1153 840 1188 errore
861 1135 1049 1186 fuctum
1087 1136 1258 1186 Ebos
1297 1151 1420 1199 esse,
1459 1137 1594 1200 quod
1615 1136 1784 1186 fuerat
1816 1134 2067 1185 Imbros
2106 1131 2198 1197 (ef.
2220 1132 2594 1196 Conject.111).

451 1221 548 1274 Cui
585 1223 776 1274 nomini
815 1222 954 1287 quod
989 1222 1052 1270 ab
1091 1221 1264 1286 aliquo
1301 1221 1635 1284 grammatico
1696 1219 2011 1283 adscriptum
2056 1218 2211 1268 fuisse
2250 1219 2451 1267 videtur
2494 1219 2593 1278 in«,-

455 1307 626 1367 sula,
683 1307 834 1357 simul
895 1317 944 1356 et
1003 1313 1282 1356 extremam
1335 1304 1560 1374 ‘nominis
1595 1303 1813 1354 Ebosia
1868 1311 2063 1368 partem
2113 1303 2290 1366 genuit
2342 1303 2597 1373 etfflobruit

448 1406 628 1442 vocem
654 1392 932 1454 antiquitus
956 1392 1090 1440 inter
1123 1390 1332 1440 nomina
1367 1389 1625 1438 Imbros
1661 1397 1713 1437 et
1749 1388 2008 1438 Caunos
2043 1389 2285 1456 positam:
2322 1389 2433 1452 quis
2460 1379 2593 1438 enim

448 1491 553 1528 nou
613 1482 856 1540 agnoscat
914 1474 1132 1538 vestigia
1186 1472 1420 1522 vocabuli
1490 1472 1727 1534 insula,
1800 1474 1887 1537 qui
1946 1473 2225 1524 meminerit
2282 1481 2593 1537 permutatas

449 1561 741 1625 saepissime
794 1557 1061 1607 litteras‘i
1109 1566 1160 1606 et
1213 1557 1232 1605 1
1287 1555 1496 1619 (Sehol.
1535 1557 1729 1610 Lucan.
1768 1559 1865 1609 VI.
1904 1559 2000 1608 391
2040 1573 2087 1622 p,
2124 1559 2224 1608 458
2262 1557 2315 1605 in
2350 1557 2593 1606 silvam.

449 1643 622 1694 Berol.
676 1657 909 1694 suram.
967 1655 1093 1695 corr,
1150 1639 1419 1700 silium,
1471 1655 1536 1690 ne
1573 1639 1827 1706 proferam
1864 1657 1947 1704 ea,
1984 1657 2114 1706 quae
2149 1638 2391 1691 Emendd.
2432 1629 2591 1708 Prop'.

451 1729 606 1793 capiti
651 1728 686 1777 4
742 1727 860 1776 libri
895 1727 1044 1792 primi
1091 1723 1359 1790 destinavi)
1414 1739 1665 1790 vocesque
1720 1726 1888 1776 silva
1943 1734 1993 1775 et
2044 1727 2283 1786 insula,
2342 1734 2400 1774 ut
2456 1728 2593 1792 apud

447 1813 758 1864 Frontinum
793 1812 834 1863 1.
873 1813 919 1872 6,
972 1812 1008 1860 4
1059 1811 1228 1860 silva
1263 1811 1468 1860 Litana.
1503 1811 1634 1874 Reg.
1672 1811 1795 1862 Hill.
1824 1810 2059 1864 insula.
2130 1809 2309 1861 Aurel.
2352 1811 2485 1861 Vict.
2525 1812 2590 1862 V.

448 1899 529 1952 111,
570 1900 652 1959 22,
689 1898 720 1948 3
767 1895 1050 1962 proximam
1087 1895 1380 1944 insulam.
1451 1895 1596 1944 Leid.
1646 1910 1746 1949 sec.
1793 1894 2030 1946 silvam.
2104 1895 2318 1948 Schol.
2355 1897 2589 1954 Lucan.

451 1984 493 2034 1.
533 1985 632 2034 655
659 1998 722 2049 Ρ.
761 1983 890 2032 102;
927 1981 978 2030 in
1014 1979 1210 2030 Nemea
1246 1979 1430 2034 silva.
1503 1978 1679 2030 Berol.
1702 1980 1927 2032 Nemaea
1962 1981 2181 2030 insula
2217 1979 2299 2043 (ut
2333 1981 2589 2046 Lips.V1.

449 2069 546 2120 391
586 2084 638 2133 p.
673 2069 801 2118 458·
836 2065 998 2128 Neam
1036 2063 1358 2128 insulam).
1431 2065 1530 2122 662
1567 2081 1615 2129 Ρ.
1658 2066 1780 2115 103;
1834 2066 1887 2117 iu
1925 2063 2138 2131 Cyllene
2173 2066 2406 2121 insula.
2442 2068 2588 2119 scrib

449 2150 655 2204 silva“
697 2152 762 2202 ef.
801 2151 907 2202 Cic.
943 2149 1054 2202 Mil
1095 2151 1184 2200 27:
1245 2158 1300 2198 ut
1336 2151 1460 2200 sibi
1496 2150 1773 2200 insulam.
1822 2151 1886 2201 al.
1924 2157 1982 2198 ut
2014 2150 2296 2200 insulam?
2368 2150 2513 2216 Quae
2548 2153 2590 2204 si

389 2247 396 2254 ·
449 2238 716 2304 operosius
754 2233 1032 2286 machinari
1061 2233 1362 2298 judicemur,
1398 2236 1451 2284 in
1488 2234 1703 2298 proclivi
1740 2243 1815 2284 est
1849 2235 2060 2283 alteram
2098 2236 2161 2284 de
2200 2237 2396 2302 origine
2434 2238 2588 2302 sylla·

449 2325 626 2372 barum
662 2323 721 2370 ia
756 2320 1019 2385 (Ebosia)
1075 2320 1367 2385 explicandi
1419 2318 1614 2382 ingredi
1670 2317 1831 2379 viam,
1871 2334 2001 2385 quae
2034 2319 2173 2370 infra
2206 2324 2586 2374 monstrabitur

449 2408 600 2460 Nune
635 2421 954 2474 expromam,
1014 2405 1154 2469 quod
1205 2405 1271 2454 ad
1324 2403 1723 2468 pernoscendam
1771 2419 1976 2454 causam
2014 2415 2169 2472 eaput
2204 2415 2293 2456 est.
2364 2407 2586 2458 Tantum

450 2494 581 2544 enim
618 2493 794 2551 abest,
849 2499 907 2540 ut
959 2489 1184 2554 quisquis
1233 2487 1450 2554 primum
1503 2487 1761 2536 insulae
1796 2487 1997 2550 Imbri
2051 2492 2359 2541 mentionem
2402 2492 2585 2552 intulit,

448 2586 585 2630 recte
617 2577 824 2636 feeerit,
881 2582 939 2624 ut
988 2589 1082 2640 pro
1137 2581 1281 2624 certo
1335 2571 1583 2623 affirmem
1639 2573 1739 2623 diei
1794 2574 1878 2624 hie
1912 2575 2187 2626 Imbrum
2242 2574 2410 2628 locum
2472 2579 2588 2628 urbi
2646 2593 2653 2600 ·

449 2641 668 2714 Cauno
705 2660 1084 2726 proximum,
1137 2659 1198 2708 de
1252 2674 1354 2724 quo
1407 2657 1684 2708 memoriae
1730 2659 1955 2724 prodidit
1992 2661 2181 2710 Strabo
2217 2661 2363 2722 XIV.
2400 2678 2451 2727 p.
2490 2664 2585 2716 651

450 2747 619 2812 (quem
656 2753 831 2796 testem
869 2745 1011 2794 dedit
1045 2741 1298 2793 Cellarius
1335 2743 1526 2806 Geogr.
1562 2741 1740 2809 Autiq.
1778 2744 1875 2794 111.
1916 2746 1947 2794 3
1984 2745 2118 2796 Seet.
2156 2745 2251 2814 VI.
2293 2747 2391 2798 130
2427 2763 2475 2812 p.
2506 2750 2587 2808 85,

449 2847 552 2882 uon
589 2831 711 2882 item
746 2828 1123 2892 Wesselingius
1174 2828 1394 2878 Hierocl.
1433 2827 1653 2893 Syneed.
1708 2845 1757 2894 p.
1797 2830 1897 2880 685
1952 2837 2041 2878 aut
2074 2830 2373 2882 Dindorfius
2410 2831 2587 2898 Steph.

449 2916 612 2967 Thes.
640 2915 736 2968 IV.
773 2931 823 2980 Ρ.
861 2914 975 2964 594.
1013 2910 1296 2984 1))εὲχει
1355 2909 1395 2962 δ’
1436 2911 1469 2982 ἡ
1529 2911 1671 2970 πόλις
1730 2906 1979 2977 (Καῦνος)
2036 2911 2220 2983 νεώρια
2278 2915 2361 2966 καὶ
2415 2913 2589 2984 λιμένα

445 2997 683 3053 κλειστόν.
743 2996 1023 3066 ὑπέρκειται
1077 2995 1130 3048 δὲ
1182 3000 1272 3066 τῆς
1323 2995 1520 3054 πόλεως
1571 2997 1623 3050 ἐν
1677 2993 1792 3068 ὕψει
1840 2997 2100 3070 φρουριον
2100 2993 2323 3067 ”,Ιμβρος
2385 3013 2592 3066 praeter

447 3086 748 3136 Strabonem
775 3084 994 3144 Quintus
1019 3084 1326 3150 Smyrnaeus
1352 3082 1504 3133 VIII.
1533 3086 1624 3134 78:
1662 3079 1774 3140 ὅςτ’
1804 3081 1897 3134 ἐνὶ.
1910 3082 2055 3156 κοίλῃ
2079 3064 2269 3152 Καύνῳ
2297 3085 2589 3137 ναιετάασκε

445 3168 643 3227 διειδέος
679 3165 858 3240 ἀγχόθι
911 3165 1083 3236 λίμνης
1129 3162 1368 3236 Ἴμβρῳ
1425 3165 1547 3218 ὑπαὶ
1591 3166 1819 3238 νιφόεντι.
1892 3169 2090 3230 Quibus
2128 3173 2322 3221 accedit
2358 3188 2617 3238 nummus,

447 3253 616 3307 Eekh.
651 3257 720 3306 D.
759 3255 823 3306 N.
858 3254 928 3304 11.
965 3271 1016 3320 p.
1055 3256 1183 3305 584:
1236 3254 1529 3306 IMBPOY.
1600 3255 1699 3304 Vir
1733 3256 1973 3318 gradiens
2010 3257 2059 3304 d.
2098 3257 2319 3306 demissa
2355 3272 2588 3307 ramum

447 3358 488 3394 s.
524 3339 800 3405 pateram.“
873 3339 1056 3404 Itaque
1090 3354 1196 3389 rem
1234 3347 1486 3390 vetustate
1539 3355 1704 3404 paene
1742 3341 1978 3390 obrutam
2034 3343 2296 3392 commode
2333 3343 2587 3392 detexisse

448 3427 570 3476 mihi
623 3426 759 3475 visus
812 3439 915 3474 non
969 3425 1148 3474 dubito
1201 3439 1314 3476 eam
1367 3440 1542 3475 vocem
1596 3441 1856 3490 reparare,
1910 3425 1975 3474 ad
2012 3440 2163 3490 quam
2201 3426 2503 3476 abolendam
2542 3436 2591 3478 et

447 3511 794 3575 proximarum
845 3510 1124 3560 litterarum
1177 3511 1452 3562 similitudo
1506 3510 1733 3562 valuisse
1778 3497 2010 3561 videatur
2065 3509 2198 3573 (eet
2258 3527 2467 3562 caunos
2523 3513 2587 3566 ef.

448 3596 603 3660 Valg.
641 3611 691 3662 p.
727 3597 845 3646 430.
915 3593 1203 3646 Ebosaee:
1261 3591 1407 3646 Ebos
1445 3603 1633 3660 atque
1685 3595 1747 3652 ef.
1784 3597 1961 3648 Burin.
2002 3598 2151 3649 Ovid.
2188 3597 2313 3647 Met.
2352 3597 2451 3648 111.
2488 3600 2586 3650 631

447 3699 499 3748 p.
537 3683 656 3732 227.
723 3681 915 3732 Markl.
975 3679 1102 3732 Silv.
1162 3681 1248 3734 11.-
1295 3684 1342 3742 1,
1403 3683 1470 3734 64
1527 3699 1580 3748 Ρ.
1615 3681 1759 3748 216.)
1820 3693 1871 3734 et
1928 3685 2021 3734 illa
2076 3685 2275 3733 litteras
2335 3700 2406 3742 ae
2468 3692 2521 3733 et.
2572 3686 2587 3733 i

447 3766 702 3830 (Conject.
739 3765 822 3828 1.)‚
888 3781 920 3815 a
955 3774 1004 3815 et
1039 3781 1105 3816 ee
1152 3766 1418 3830 (Conjeet.
1457 3767 1606 3832 VII.)
1667 3769 2003 3834 permiscendi
2037 3768 2243 3820 levitas:
2303 3770 2586 3820 Ebosaea.

447 3851 769 3904 Ebosaeee.
844 3851 1197 3915 Ebosatque
1229 3849 1567 3916 (ef.aeque:
1604 3859 1803 3919 atque
1842 3853 2076 3918 Conjeet.
2102 3853 2223 3904 XV.
2260 3870 2311 3919 p.
2350 3851 2501 3918 22o):

851 3979 922 4030 Et
955 3981 1095 4045 quod
1129 3981 1402 4045 percoquit
1437 3981 1465 4032 Ι
1478 3997 1526 4031 ιιι
1538 3982 1571 4032 b
1581 3998 1606 4032 r
1620 3998 1651 4032 o
1662 3999 1685 4032 s
1722 3997 1755 4032 a
1768 3989 1789 4030 t
1799 3998 1833 4047 q
1844 3998 1879 4033 u
1891 3997 1919 4032 e
1958 3981 2179 4034 Caunos.

449 4106 600 4170 Quod
635 4117 890 4174 superest:
925 4109 1064 4174 quod
1087 4108 1142 4159 iu
1160 4109 1526 4174 Rehdigerano
1563 4117 1727 4160 extat:
1764 4109 1833 4160 Et
1866 4108 2038 4174 quo“,
2074 4109 2127 4160 id
2162 4111 2341 4175 quaeri
2365 4097 2590 4165 fortasse

445 4198 614 4260 potest
647 4208 716 4243 an
751 4187 952 4256 signum
988 4202 1192 4245 maneat
1225 4209 1402 4248 versus
1455 4212 1490 4246 a
1521 4196 1781 4246 nonnullis
1816 4195 1939 4245 olim
1992 4197 2064 4246 sie
2108 4197 2311 4262 scripti:
2382 4195 2451 4246 Et
2484 4204 2589 4262 quo

445 4278 752 4344 praecolit
805 4275 1163 4346 (coquendi
1217 4287 1270 4330 et
1319 4281 1582 4332 colendi
1634 4282 1793 4332 verba
1846 4279 2065 4332 enimin
2102 4281 2271 4332 multis
2305 4287 2592 4348 permutata

448 4364 577 4414 loeis
613 4365 916 4430 reperimus,
953 4371 1012 4414 ut
1051 4365 1186 4430 apud
1223 4365 1514 4419 Martialem
1549 4365 1703 4419 XIII.
1744 4366 1858 4426 115,
1898 4367 1926 4417 1
1967 4373 2017 4417 et
2050 4367 2315 4418 Sedulium
2368 4365 2470 4419 111.
2506 4365 2590 4427 36,
