3234 4967
362 3915 469 3973 ,cs
515 3884 527 3890 a

667 366 805 431 ,118
1072 416 1079 425 .
1593 362 1827 415 Adnue.
1867 364 1950 415 74.

676 572 887 641 Godd.
935 570 1093 635 heu
1124 566 1238 655 (al.
1275 568 1514 655 seu).“
1584 569 1814 656 Neque
1865 569 2084 632 hiatus
2131 568 2251 632 iste
2301 568 2673 651 Heinsium,
2724 570 2838 655 qui

676 677 995 766 „plurima
1018 676 1159 761 ejus
1176 672 1478 759 exempla
1504 674 1569 737 in
1589 674 1880 756 Marone,
1901 674 2198 757 Horati0‚
2217 674 2261 738 J
2265 673 2540 739 uvenale
2561 674 2832 762 aliisque

678 784 1068 849 occurrere“
1094 778 1271 861 dicit,
1301 778 1577 843 offendit
1602 780 1817 866 Epist.
1845 779 1927 845 ad
1961 778 2304 845 Falconer.
2324 778 2741 847 CCCCLXI.
2767 804 2828 867 p.

676 890 805 957 533
846 885 1006 975 Syll.
1042 886 1126 951 V.
1163 893 1229 949 et
1259 884 1433 954 Adv.
1467 885 1521 948 I.
1576 886 1658 949 10
1703 908 1769 973 p.
1822 886 1946 951 103
1999 884 2143 973 (ubi
2188 887 2352 950 mire
2401 887 2680 973 scriptus
2727 887 2834 953 hic

673 1018 907 1061 versus
963 993 1237 1079 legitur:
1300 990 1477 1053 'Lex
1520 1014 1794 1057 munera
1855 1001 2097 1057 nostra.
2155 992 2561 1081 Ridebaw)
2623 994 2702 1056 cf.
2765 994 2831 1057 in

678 1100 1021 1169 Claudian.
1083 1098 1227 1163 Sec.
1291 1096 1488 1163 Cons.
1564 1096 1705 1161 Stil.
1773 1097 1895 1161 167
1967 1120 2033 1183 p.
2105 1097 2235 1161 419
2309 1120 2403 1185 sq.
2419 1096 2486 1185 ‘³')
2579 1098 2833 1164 Neutra

674 1208 891 1296 placet
939 1204 1279 1270 sententia.
1376 1200 1690 1284 Quamvis
1741 1203 1912 1266 enim
1958 1203 2026 1265 in
2073 1202 2277 1267 Theb.
2326 1204 2437 1267 Vl.
2492 1204 2649 1271 146:
2697 1204 2833 1269 Pri-

676 1314 893 1379 mitias
942 1320 1265 1395 egomet
1310 1309 1788 1391 lacrimarum,“
1837 1308 2014 1396 quod
2061 1311 2342 1397 optimus
2387 1308 2554 1373 liber
2598 1332 2712 1375 mS.
2765 1321 2832 1377 et

676 1419 788 1485 alii
820 1419 949 1483 duo
976 1416 1327 1504 praebent:
1363 1438 1491 1501 ego
1518 1415 1609 1479 he
1629 1439 1692 1501 11,
1727 1415 2040 1480 Barthius
2068 1438 2131 1502 p.
2158 1411 2288 1479 '405
2311 1414 2828 1503 Duebnerusque

674 1524 1161 1611 comprobarint
1208 1532 1273 1585 et
1318 1522 1436 1587 IV.
1486 1523 1615 1587 319
1673 1544 1820 1605 „ex
1867 1509 2622 1609 optimis'tmembraniff
2682 1524 2830 1587 scri-

672 1629 961 1696 bendum
1008 1650 1183 1695 esse:
1246 1627 1420 1691 unde
1468 1627 1633 1691 haec
1679 1627 2032 1692 furibunda
2079 1627 2350 1714 cupido,
2398 1628 2602 1710 Nate,
2660 1628 2827 1696 tibi?

673 1746 931 1801 tenero
978 1734 1186 1798 unde
1228 1733 1527 1819 improba
1566 1743 1830 1820 pectore
1861 1735 2115 1799 virtus“
2150 1733 2486 1799 Gronovio
2523 1756 2824 1799 assensus

675 1842 759 1907 sit
804 1841 1115 1905 Heinsius
1178 1838 1521 1904 Claudian.
1584 1837 1628 1903 1.
1689 1839 1751 1903 d.
1826 1839 1921 1927 (in
1981 1862 2106 1927 quo
2166 1838 2426 1925 quidem
2485 1838 2630 1910 loco
2686 1842 2820 1927 ipse

673 1946 1054 2011 Monacensi
1101 1944 1370 2031 aliisque
1418 1942 1622 2026 libris)
1677 1946 1746 2007 in
1780 1944 2015 2031 quibus
2048 1946 2379 2009 invenitur
2409 1954 2818 2033 teneroque,

675 2062 930 2117 tantum
976 2050 1214 2133 tribuo,
1264 2060 1337 2115 ut
1382 2050 1640 2115 restitui
1687 2050 1884 2115 velim
1944 2050 2096 2116 hoc:
2160 2051 2696 2116 tenerouunde
2758 2052 2826 2115 id

674 2169 775 2223 est
798 2168 1119 2223 tenerove
1156 2156 1365 2221 unde
1404 2195 1492 2203 —-
1514 2178 1665 2219 nam
1689 2165 2034 2243 praetereo
2068 2156 2274 2221 Theb.
2309 2158 2356 2221 Ι.
2391 2158 2542 2221 320.
2580 2158 2661 2221 V.
2697 2157 2826 2221 685

670 2264 1141 2351 Barthiumque
1166 2286 1229 2350 p.
1262 2263 1364 2327 97.
1386 2263 1639 2345 312—‚
1667 2264 1734 2326 in
1751 2262 1944 2348 longe
1971 2262 2164 2327 aliam
2187 2272 2442 2349 partem
2467 2264 2824 2349 quaerendi

670 2394 803 2436 non
850 2370 1059 2456 magis
1098 2350 1526 2457 potestatem,
1570 2390 1765 2454 quam
1810 2370 2266 2432 necessitatem
2303 2370 2454 2435 facit
2482 2370 2826 2434 auctoritas

674 2476 993 2541 codicum.
1116 2475 1297 2555 Quos
1366 2496 1566 2561 quum
1637 2472 1767 2537 duo
1841 2474 2194 2539 distineant
2255 2475 2580 2541 scribendi
2625 2474 2823 2557 modi,

672 2581 839 2647 alter
884 2582 1021 2649 hic:
1068 2580 1221 2645 heu
1266 2601 1540 2645 munera
1569 2589 1798 2644 nostra
1842 2580 2167 2644 Rideres
2213 2581 2510 2665 ingratus
2543 2580 2824 2663 adhuc,“

672 2685 869 2751 alter:
928 2708 1063 2751 seu
1124 2708 1396 2752 munera
1440 2693 1667 2749 nostra
1733 2684 2068 2749 Ridebas
2137 2686 2472 2770 ignarus
2542 2686 2823 2769 adhue,“

674 2800 951 2879 uterquc
1007 2790 1269 2856 videtur
1326 2790 1711 2855 tantundem
1771 2792 1912 2855 veri
1969 2792 2284 2873 retinere,
2357 2777 2676 2879 quantum*
2717 2792 2826 2857 ad-

674 2898 951 2961 mixtum
998 2896 1241 2963 habere
1288 2895 1451 2961 falsi.
1544 2895 1720 2959 Hinc
1768 2896 1942 2959 enim
1991 2896 2472 2984 suscipiendum
2535 2907 2634 2961 est
2695 2898 2824 2963 Ri-

676 2990 959 3085 deb'as,
1007 3000 1159 3067 inde
1206 3002 1615 3087 ingratus3
1665 3003 1974 3089 utrinque
2024 3012 2238 3068 autem
2298 3002 2574 3086 dilucet,
2647 3002 2822 3090 quod

676 3131 905 3174 verum
953 3116 1083 3173 est:
1144 3129 1285 3171 ceu
1333 3130 1465 3171 non
1508 3110 1759 3195 majore
1811 3107 2180 3172 discrimine
2231 3108 2312 3173 ab
2371 3109 2522 3179 heu
2577 3112 2824 3197 sejunc-

673 3224 809 3279 tum
860 3212 1097 3302 (Theb.
1145 3214 1187 3275 Ι.
1253 3214 1413 3278 320:
1488 3214 1784 3301 queritur
1852 3236 1996 3278 ceu
2064 3215 2267 3280 tarda.
2343 3215 2532 3279 codd.
2593 3215 2820 3279 Barth.

674 3320 819 3410 611),
871 3342 1065 3407 quam
1113 3318 1195 3385 ab
1244 3318 1453 3385 altero
1502 3343 1644 3385 seu
1715 3319 1900 3394 (Silv.
1949 3320 2030 3393 V,
2086 3322 2143 3403 1,
2193 3322 2310 3385 46:
2383 3330 2450 3385 te
2507 3343 2654 3385 ceu
2701 3323 2823 3385 vir-

672 3428 948 3513 ginitate
1008 3428 1337 3513 jugatum.
1406 3426 1613 3493 Rehd.
1690 3448 1848 3491 seu.
1935 3426 2131 3513 Prop.
2200 3427 2319 3491 IV.
2390 3426 2452 3509 5,
2527 3427 2606 3491 19
2677 3448 2820 3490 ceu

671 3531 932 3597 blanda.
981 3531 1145 3617 Reg.
1194 3554 1271 3597 se
1290 3554 1353 3596 11.
1390 3531 1627 3598 catull.
1678 3532 1784 3615 64,
1834 3532 1997 3597 239:
2046 3554 2190 3597 ceu
2219 3533 2444 3619 pulsae
2476 3540 2822 3597 ventorum

672 3637 935 3715 flamine
990 3638 1218 3704 nubes..
1280 3638 1519 3703 Hamb.
1568 3659 1724 3702 seu.
1795 3638 2043 3702 Lucan.
2102 3638 2185 3702 V.
2250 3639 2402 3705 100:
2475 3660 2615 3703 ceu
2661 3661 2822 3723 saxa

670 3736 969 3831 vaporat.
1006 3742 1256 3831 Gryph.
1308 3766 1468 3807 seu.
1518 3744 1659 3807 Vll.
1694 3743 1859 3808 324:
1909 3766 2048 3808 seu
2104 3743 2373 3809 nullum.
2421 3745 2614 3809 Voss.
2661 3766 2814 3807 ceu.

672 3849 939 3937 Coripp.
987 3848 1096 3913 JO.
1143 3845 1263 3914 IV.
1317 3850 1397 3913 16
1446 3872 1585 3913 ceu
1634 3848 1789 3913 dux.
1837 3850 2018 3915 Triv.
2069 3872 2228 3914 seu.
2280 3849 2619 3917 Claudian.
2669 3850 2818 3915 Rus.

669 3956 723 4019 I.
776 3955 859 4019 70
905 3977 1051 4018 6611
1094 3964 1470 4025 murmurat.
1521 3954 1758 4019 Moret.
1809 3976 1962 4019 seu.
2025 3954 2169 4019 Sec.
2231 3955 2434 4023 Cons..
2485 3954 2628 4022 Stil.
2689 3956 2813 4020 231

822 4216 871 4281 *)
910 4216 1157 4268 Avieno
1198 4216 1330 4269 Arai.
1372 4216 1561 4284 Progn.
1619 4218 1746 4269 240:
1803 4231 2076 4286 purusque
2132 4232 2313 4269 coma
2383 4224 2444 4269 et
2499 4216 2818 4285 splendidus

906 4301 1069 4354 orbe“
1126 4318 1231 4354 non
1288 4302 1469 4355 dubito
1532 4302 1789 4355 reddet-ex
1846 4318 2116 4372 purusque
2174 4309 2824 4355 comarum“·memor

908 4387 1019 4441 Silii
1060 4384 1141 4440 lx.
1182 4388 1313 4439 414:
1351 4388 1622 4459 flavusque
1661 4404 2003 4441 comarum
2044 4388 2257 4441 Curiu.“
