3234 4967
671 395 772 442 208
1502 388 1788 452 Conject.
1826 387 1978 438 XIII.

673 561 948 612 Theb.XI.
971 563 1096 612 216:
1132 560 1243 610 Nec
1281 570 1330 609 te
1367 575 1501 608 vana
1536 560 1663 608 fides
1689 587 1749 594 —
1779 560 1967 624 Tyrios
2004 560 2262 609 nimium
2305 559 2545 622 irrupisse
2569 557 2811 622 penates“

670 646 763 709 (cf.
803 647 982 694 Barth.
1017 645 1087 694 X.
1125 647 1218 695 921
1261 661 1310 709 p.
1353 645 1524 704 1284).
1598 645 1725 694 silv.
1759 645 1806 693 Ι.
1845 646 1893 704 2,
1932 645 2025 695 84:
2062 646 2201 692 haud
2238 644 2334 692 ulli
2374 643 2491 694 veh
2509 643 2815 691 ementior

670 743 912 794 umquam
948 729 1192 778 Incubui“
1242 730 1304 781 cs.
1347 730 1574 793 Lennep.
1628 729 1921 778 Terentian.
1971 729 2135 778 Maur.
2186 729 2322 777 Add.
2374 744 2423 792 p.
2448 729 2549 776 428
2606 727 2812 786 (Boeth.

674 815 825 866 Cons.
849 815 982 863 Phil.
1019 815 1060 864 1.
1089 817 1118 863 3
1157 831 1204 879 p.
1226 816 1340 866 609.
1380 813 1453 862 A:
1491 814 1825 862 valentior
1859 813 2227 874 incubuerit“)‚
2266 813 2569 860 confirmare
2604 811 2813 874 longum
2842 807 2849 814 ’

673 907 776 962 est3
835 895 1104 962 utriusque
1166 899 1302 948 vocis
1359 899 1644 962 permixtae
1712 899 1850 948 testis
1913 906 1991 947 est
2049 899 2411 948 Lachmannus
2471 897 2681 946 Lucret.
2742 897 2813 944 11.

678 986 810 1034 1024
844 999 898 1048 p.
937 985 1049 1034 133.

1617 1313 1889 1399 XIII.

810 1493 931 1542 Non
966 1488 1164 1542 minore
1200 1494 1482 1557 corrigendi
1519 1493 1727 1543 levitate
1770 1495 2014 1544 notabilis
2051 1494 2111 1545 O.
2150 1493 2437 1544 Muellerus
2474 1493 2611 1544 Mus.
2646 1491 2816 1541 Rhen.

605 1563 612 1572 ’
680 1578 887 1629 xv111.
925 1581 954 1628 2
992 1595 1041 1644 p.
1081 1581 1180 1629 196
1215 1580 1266 1628 in
1303 1578 1470 1628 locum
1510 1578 1677 1629 Theb.
1712 1579 1812 1628 111.
1852 1581 1974 1630 186:

1424 1663 1635 1712 funerea.
1670 1679 1783 1712 cum
1820 1665 1975 1714 laude
2010 1665 2205 1730 potitus

984 1748 1177 1798 Infelix
1212 1744 1466 1797 Athamas
1506 1749 1761 1812 trepido
1798 1750 1873 1798 de
1910 1758 2121 1799 monte
2155 1749 2355 1798 veniret

985 1831 1343 1882 Semianimem
1380 1833 1483 1882 heu
1518 1833 1657 1882 laeto
1695 1833 1919 1883 referens
1956 1834 2177 1884 clamore
2215 1833 2504 1882 Learchum

677 1921 776 1968 hoc
814 1933 968 1968 ausus
1005 1925 1083 1966 est
1105 1915 1318 1966 inferre:
1357 1917 1641 1979 strepitu
1677 1920 1971 1967 demente
2006 1916 2248 1978 veniret,“
2290 1919 2429 1982 quod
2460 1932 2626 1981 neque
2652 1919 2817 1981 ipsum

677 2003 1074 2067 reprehensione
1113 2009 1254 2050 caret
1293 1998 1545 2065 (quamvis
1581 2002 1745 2052 simile
1782 2002 2006 2053 Senecae
2041 2003 2191 2055 Herc.
2225 2003 2349 2051 Fur.
2388 2004 2516 2054 975:
2554 2015 2825 2065 99me

681 2083 1402 2150 Qmss.n.t„.e.m.im.p,e.tum“
1446 2095 1498 2135 et
1535 2087 1663 2138 silv.
1685 2087 1755 2136 II.
1780 2091 1825 2146 1,
1849 2090 1936 2141 12:
1976 2097 2075 2138 stat
2110 2096 2319 2151 pectore
2354 2089 2612 2136 demens
2648 2085 2818 2134 Luc-

684 2169 850 2231 tus‚“
893 2171 1071 2234 quales
1108 2171 1252 2223 locos
1289 2169 1473 2220 afferre
1509 2173 1797 2236 supersedit
1818 2169 2129 2236 Muellerus)
2167 2186 2331 2237 neque
2360 2171 2602 2221 cumillis
2628 2170 2819 2220 verbis:

678 2256 801 2305 heu
839 2256 1013 2305 laeto
1049 2255 1354 2305 clamore“
1389 2265 1506 2319 apte
1533 2259 1785 2320 congruit.
1843 2257 2049 2306 Rectius
2074 2257 2233 2306 sensit
2255 2257 2337 2304 vel
2364 2265 2504 2306 vetus
2534 2255 2821 2306 Scholiasta

678 2355 731 2407 p.
751 2344 875 2391 728:
917 2341 1167 2405 „trepido)
1204 2341 1414 2402 incerto,
1451 2341 1881 2392 incantationibus
1904 2341 2115 2406 parato“
2144 2351 2198 2390 et
2222 2336 2491 2391 Bar-thius:
2534 2340 2811 2403 „Boeotiae

681 2427 939 2476 montibus
975 2426 1082 2476 fere
1119 2426 1354 2474 omnibus
1389 2426 1614 2474 divinum
1654 2427 1846 2490 aliquid
1882 2426 2101 2475 tribuere
2137 2434 2312 2492 poetas
2337 2427 2461 2475 alibi
2488 2426 2730 2474 diximus.
2755 2451 2817 2460 —·

677 2496 948 2576 Papiniani
975 2517 1100 2574 puto
1127 2518 1328 2573 etymon
1354 2512 1537 2562 mont-is
1564 2512 1823 2576 allusiss03
1861 2507 2075 2580 μολυρὸν
2100 2513 2231 2562 enim
2258 2507 2473 2577 νωθρὸν,
2510 2506 2635 2578 βαρύ
2672 2511 2822 2558 inter-

681 2605 908 2661 pretatur
944 2591 1280 2659 Hesychius.“
1362 2593 1458 2644 Cui
1503 2591 1791 2658 opinationi
1835 2597 1987 2645 miror
2031 2611 2132 2646 non
2180 2599 2499 2646 adversatum
2546 2611 2656 2644 esse
2694 2596 2821 2644 Bur-

680 2695 918 2729 mannum
975 2679 1125 2729 Ovid.
1180 2679 1303 2727 Met.
1346 2678 1442 2728 IV.
1483 2680 1582 2728 524
1617 2695 1669 2743 p.
1707 2681 1821 2728 287.
1910 2681 2158 2730 Nimirum
2210 2682 2346 2729 idem
2400 2680 2590 2730 Statius
2642 2680 2823 2728 usitate

679 2764 907 2826 loquitur
943 2763 1038 2815 111.
1078 2765 1204 2814 568:
1260 2765 1477 2813 Inviso
1530 2765 1600 2812 de
1658 2772 1869 2813 moute
1907 2763 2097 2824 redit‚“
2138 2766 2437 2816 insolentius
2474 2773 2525 2813 et
2558 2764 2654 2816 xl.
2695 2765 2821 2813 319:

680 2849 892 2898 insani
949 2849 1171 2898 culmina
1207 2849 1434 2897 montis“
1473 2855 1524 2896 et
1557 2844 1670 2897 hic:
1724 2849 1981 2913 trepido
2034 2851 2109 2899 de
2154 2851 2403 2900 monte“
2460 2848 2611 2912 (Vet.
2650 2846 2819 2900 Schol.

682 2932 878 2981 Achill.
915 2934 957 2981 1.
985 2935 1048 2982 17
1083 2949 1117 2996 p
1166 2933 1324 2982 1592:
1361 2933 1638 2996 trepidum:
1676 2935 1741 2982 ad
1778 2947 1951 2983 earum
1990 2948 2155 2983 rerum
2192 2931 2575 2998 conspectum“)
2613 2934 2665 2981 in
2701 2947 2819 2982 con-

687 3016 892 3066 trariam
929 3023 1123 3080 partem
1161 3023 1394 3080 spectans
1431 3033 1491 3066 ac
1526 3016 1597 3067 ΙΙ.
1638 3019 1722 3068 79:
1760 3019 1877 3082 Ipse
1912 3019 2063 3067 etiam
2104 3021 2388 3081 gaudens
2424 3031 2693 3068 nemorosa
2728 3030 2818 3079 per

681 3103 798 3156 avia
847 3115 998 3150 sanas
1033 3097 1319 3165 Impulerat
1365 3109 1548 3150 matres
1581 3102 1791 3153 Baccho
1836 3103 2102 3153 meliore
2140 3101 2471 3154 Cithaeron.“
2542 3103 2693 3165 Fugit
2738 3101 2821 3150 hic

680 3187 823 3236 locus
859 3186 1107 3236 Jacobum
1144 3188 1206 3236 de
1246 3186 1456 3236 Valerio
1493 3183 1683 3236 Flacco
1720 3189 1817 3238 111.
1856 3191 1979 3239 218:
2026 3189 2270 3252 trepidi
2320 3189 2625 3254 singultibus
2678 3187 2819 3250 agri

681 3271 1000 3320 Labentum“
1038 3271 1241 3320 uberius
1279 3281 1671 3321 commentatum
1712 3273 1927 3333 Quaest.
1965 3269 2115 3337 Epic.
2152 3273 2192 3326 1.
2215 3275 2317 3334 4,4
2352 3291 2401 3338 p.
2425 3275 2489 3324 99
2528 3271 2821 3323 cf.Hertzb.

683 3355 840 3418 Prop.
878 3355 976 3404 IV.
1013 3357 1059 3415 6,
1097 3357 1164 3406 83
1202 3370 1250 3420 p.
1288 3357 1405 3406 468.
1461 3358 1632 3410 Burm,
1672 3357 1791 3407 Val.
1828 3358 2000 3410 Flacc.
2039 3359 2083 3410 I.
2121 3361 2215 3410 591
2257 3375 2303 3423 p.
2329 3361 2441 3410 109.
2496 3357 2560 3410 V.
2588 3357 2649 3410 D.
2676 3357 2821 3406 Mise-

683 3439 834 3490 Obss.
873 3441 912 3492 Ι.
952 3443 982 3488 2
1021 3457 1069 3504 p.
1107 3443 1234 3498 2173
1269 3441 1401 3504 sugit
1439 3443 1586 3490 etiam
1622 3443 1755 3493 alter
1791 3442 1931 3491 locus
1968 3443 2131 3492 Theb.
2166 3444 2261 3493 Vl.
2300 3445 2397 3494 67:
2433 3443 2549 3508 equi
2588 3467 2649 3477 -—-
2692 3451 2820 3490 tre-

683 3526 866 3589 pidas
901 3541 1136 3588 spumare
1172 3541 1261 3590 per
1307 3526 1578 3575 herbas“
1629 3525 1742 3588 (ubi
1784 3526 1972 3578 Glossa
2007 3528 2311 3579 Scheftlar.:
2364 3544 2457 3592 pro
2503 3529 2600 3591 ipsi
2643 3525 2821 3590 trepidi

683 3611 903 3659 adventu
939 3609 1136 3673 illius“)
1175 3622 1226 3660 et
1260 3612 1384 3660 426:
1441 3613 1965 3678 „trepidantibus
2009 3614 2191 3676 ingens
2228 3613 2590 3663 Descendebat
2638 3611 2822 3674 agriS‚“

682 3693 815 3758 fugit
851 3693 1163 3764 Claudianus
1201 3695 1354 3744 Prob.
1395 3704 1446 3744 et
1486 3695 1663 3760 Olybr.
1706 3698 1795 3746 74:
1832 3699 2159 3761 „trepidas
2195 3698 2457 3747 laxaverat
2482 3696 2699 3760 Alpes,
2726 3696 2821 3746 v1.

688 3777 1142 3838 Cons.H0u.,443:
1179 3781 1456 3844 trepidis
1493 3783 1789 3832 admoverat
1824 3783 2032 3844 agmina
2066 3784 2298 3832 muris“
2336 3781 2550 3845 (Busch.
2575 3781 2821 3845 Pasiphil.

684 3862 903 3926 Argum.
941 3865 1034 3915 Sil.
1069 3864 1202 3914 XIV
1239 3881 1286 3914 v.
1311 3868 1398 3915 11:
1435 3867 1721 3929 trepidos
1758 3882 1879 3916 mox
1916 3868 2111 3930 spargit
2145 3868 2199 3916 in
2234 3882 2420 3932 agros
2456 3866 2691 3930 Signa“).
2740 3863 2822 3915 Cf.

684 3947 849 4002 Theb.
885 3947 954 4002 X.
996 3950 1120 3998 174:
1156 3960 1348 4014 pavet
1378 3952 1537 4000 omnis
1573 3967 1713 4016 ager.
1752 3952 1817 4003 V.
1858 3953 1955 4003 567
1994 3952 2127 4014 (dac.
2166 3952 2199 4001 l.
2238 3953 2287 4002 d.
2322 3967 2373 4015 p.
2412 3952 2525 4014 67):
2573 3950 2822 4015 pavidos

685 4033 885 4082 lucos.
924 4033 1018 4082 VI.
1059 4036 1182 4086 191:
1221 4044 1559 4100 moestoque
1595 4037 1871 4090 novissima.
1906 4053 2127 4101 campo
2164 4037 2299 4086 Exit.
2335 4035 2463 4087 XII.
2502 4038 2601 4090 359
2638 4043 2687 4084 et
2724 4037 2820 4085 732

685 4131 965 4181 campum
1003 4143 1066 4154 -—-
1105 4127 1359 4170 trucem.
1395 4121 1537 4184 Virg.
1566 4122 1679 4171 Ecl.
1709 4121 1773 4174 V.
1814 4124 1875 4172 28
1911 4131 1963 4172 et
1986 4120 2131 4174 Ovid.
2170 4121 2245 4176 Ib.
2268 4123 2366 4173 533
2405 4128 2647 4171 montes
2684 4120 2821 4172 feri.

686 4199 805 4250 Sen.
840 4197 1039 4251 Phoen.
1073 4205 1162 4254 34:
1216 4204 1490 4256 Cithaeron
1527 4220 1705 4263 saeve,
1749 4207 1998 4266 crudelis,
2051 4206 2275 4256 ferox“
2312 4204 2402 4269 (cf.
2438 4207 2614 4258 Barth.
2652 4205 2719 4259 11.
2758 4208 2823 4255 80

684 4303 735 4348 p.
773 4286 913 4350 305).
985 4287 1125 4339 Grat.
1165 4288 1291 4354 Cyn.
1329 4292 1455 4342 510:
1499 4289 1901 4354 Garganumque
1948 4300 2202 4340 trucem.
2240 4287 2505 4346 claudian.
2543 4291 2626 4345 Pr.
2666 4289 2821 4342 Cous.

688 4370 803 4424 Stil.
847 4371 888 4422 Ι.
929 4375 1050 4423 229:
1105 4373 1394 4440 lucosque
1439 4378 1663 4426 verenda
1697 4376 1963 4442 Religione
2007 4387 2234 4426 truces.
2306 4376 2508 4430 Paulin.
2557 4379 2622 4427 ad
2659 4375 2818 4428 Nicet.
