3234 4967
766 409 868 457 284
1616 400 1901 466 Gonjeet.
1936 401 2059 452 XX.

769 578 892 628 253:
930 575 1204 626 Nutanti
1239 573 1487 640 protende
1523 585 1757 634 manum,
1816 579 1899 635 tu,
1955 572 2095 634 Piso,
2154 572 2465 623 latentem
2502 572 2785 624 Exsere“
2821 572 2923 636 (ad

769 664 901 712 hanc
939 662 1073 712 enim
1111 661 1332 726 speciem
1367 658 1531 709 visum
1567 665 1643 708 est
1676 673 1950 720 revocare,
1992 660 2129 722 quod
2166 659 2220 707 in
2254 659 2431 708 codice
2466 658 2799 710 Varsaviensi
2840 666 2925 709 est

771 757 836 797 tu
869 748 1035 810 nati,
1072 754 1130 796 nt
1162 747 1406 810 legimus:
1441 751 1775 800 nutantem
1810 746 1981 795 adhuc
2016 743 2369 809 principem
2406 743 2535 794 Tae.
2572 744 2709 795 Ann.
2747 745 2793 796 1.
2832 747 2919 795 17.

771 833 1104 884 Caecinam
1140 832 1270 882 Hist.
1307 829 1407 880 111.
1443 831 1527 879 40.
1563 835 1897 880 nutantem
1935 828 2191 882 Colchida
2227 831 2395 880 curis
2432 828 2551 879 Val.
2589 829 2760 880 Flacc.
2783 829 2916 880 VII.

773 920 884 970 153.
957 919 1130 971 Burm.
1169 913 1372 968 Lotich.
1409 916 1556 980 Eleg.
1594 916 1662 970 V.
1707 919 1785 979 11,
1823 917 1888 966 37
1924 933 1973 981 p.
2012 918 2127 969 345.
2168 917 2282 967 695.
2354 913 2556 969 Peerlk.
2594 914 2739 980 Virg.
2778 916 2921 969 Aen.

772 1003 841 1052 V.
877 1019 928 1068 p.
965 1004 1082 1064 346,
1121 1016 1269 1065 quem
1305 1002 1436 1067 fugit
1471 1019 1586 1054 eum
1622 1002 1809 1053 ovidio
1846 1003 1972 1053 Met.
2008 1001 2077 1054 X.
2104 998 2207 1052 375
2244 1001 2557 1052 contendere
2577 999 2923 1051 Gualthernm

775 1089 931 1138 Alex.
967 1088 1040 1138 ΙΙ.
1078 1089 1174 1138 46:
1211 1087 1401 1138 Darius
1427 1115 1491 1124 -
1517 1089 1808 1139 Memnonis
1834 1102 2046 1138 excessu
2083 1084 2407 1137 labefacto
2441 1095 2653 1152 pectore
2690 1088 2926 1140 nutat.“

775 1176 894 1223 add.
933 1175 1058 1224 23οε
1097 1173 1348 1223 chartam
1405 1176 1635 1224 dextra
1670 1181 1939 1222 nutante
1986 1173 2258 1236 legendam
2292 1171 2553 1236 Porrigit“
2612 1171 2676 1222 cf.
2714 1168 2925 1227 Ennod.

775 1260 880 1313 Vit.
918 1259 1174 1323 Epiphan.
1209 1275 1257 1323 p.
1299 1261 1414 1310 236.
1452 1255 1528 1311 D:
1565 1260 1822 1310 Nutantes
1860 1259 2047 1309 domini
2084 1259 2210 1308 haec
2246 1263 2459 1318 tantum,
2498 1272 2628 1321 quae
2648 1259 2927 1322 accipiunt,

778 1345 1018 1408 diligunt,
1054 1343 1325 1393 firmissimi
1361 1345 1454 1393 illa
1487 1348 1686 1410 potins,
1727 1359 1859 1408 quae
1895 1343 2179 1393 dimittunt“
2216 1343 2277 1395 cf.
2315 1358 2364 1407 p.
2404 1345 2520 1394 215.
2558 1344 2639 1394 A:
2709 1344 2931 1393 nutabat

777 1437 938 1480 status
997 1429 1333 1494 periclitantis
1391 1430 1627 1480 Italiae“.
1689 1431 1805 1483 add.
1867 1426 2100 1479 nutans¹
2162 1428 2533 1494 respublica
2570 1427 2727 1478 Salm.
2764 1428 2927 1478 Treb.

777 1515 910 1564 Poll.
949 1517 980 1564 5
1017 1531 1066 1578 p.
1105 1514 1221 1574 261,
1280 1528 1431 1578 quem
1489 1515 1659 1566 omisit
1693 1514 2009 1564 Arntzenius
2046 1515 2180 1563 Plin.
2217 1515 2343 1566 Pan.
2384 1516 2431 1576 5,
2469 1515 2500 1564 6
2535 1531 2583 1578 p.
2633 1516 2713 1568 30.
2762 1517 2931 1564 ratis

779 1600 976 1649 Lucan.
1013 1598 1114 1651 111.
1154 1600 1268 1652 665.
1341 1597 1613 1653 Claudian.
1652 1601 1714 1650 B.
1752 1597 1887 1652 Gild.
1928 1601 2043 1649 220.
2081 1615 2298 1663 agmen
2333 1601 2394 1649 B.
2434 1599 2551 1650 Get.
2593 1600 2733 1662 595).

918 1685 1156 1746 Denique
1193 1683 1480 1750 Hegesip
1496 1701 1636 1749 pum
1672 1685 1769 1734 IV.
1809 1687 1874 1734 29
1910 1683 2001 1734 fol.
2038 1685 2236 1735 XLIV.
2274 1699 2428 1737 versa
2473 1688 2741 1750 cognoscit
2776 1701 2931 1750 prae-a

780 1771 999 1820 validam
1035 1785 1242 1820 manum
1269 1784 1296 1819 e
1321 1771 1524 1820 diverso
1551 1769 1725 1831 affore,
1761 1779 2023 1819 strenuam
2046 1769 2211 1830 bellis,
2250 1773 2667 1821 exercitatam
2705 1771 2931 1821 trium-

780 1853 975 1920 phis“‚
1029 1856 1082 1903 in
1136 1870 1236 1918 quo
1297 1856 1414 1904 loco
1453 1871 1507 1904 se
1544 1856 1598 1903 in
1634 1857 1811 1905 codice
1849 1856 2103 1904 invenisse
2140 1859 2495 1907 exercitam
2544 1866 2759 1908 testatur
2793 1857 2933 1908 Gro-

782 1941 972 1989 novius
1011 1938 1161 1990 Obss.
1199 1940 1343 1990 Eccl.
1380 1939 1530 1992 XXI.
1585 1956 1637 2003 p.
1675 1942 1774 1990 229
1811 1956 1885 2004 sq.
1950 1938 2099 2004 (Stat.
2139 1943 2303 1993 Theb.
2341 1941 2465 1992 VII.
2506 1944 2627 1994 168:
2698 1945 2934 2008 rarisque

783 2025 1074 2074 exercita
1133 2024 1430 2087 castris),
1492 2025 1602 2089 quis
1652 2025 1760 2088 jam
1822 2032 1897 2074 est
1948 2028 2069 2090 quin
2122 2029 2373 2078 concedat
2426 2029 2718 2079 exhibuisse
2768 2030 2937 2080 haec:

782 2123 986 2160 manum
1022 2135 1088 2144 -—-
1122 2117 1452 2159 exsertam
1490 2111 1870 2174 triumphis“
1910 2126 2155 2177 expressa
2193 2115 2257 2163 ad
2295 2114 2560 2180 exemplar
2596 2115 2769 2166 Statii:
2830 2116 2936 2164 dea

787 2196 953 2246 saevis
989 2201 1258 2244 exserta
1295 2195 1565 2258 sagittis
1603 2193 1746 2256 (nolo
1784 2197 1917 2245 enim
1955 2197 2020 2246 de
2054 2191 2321 2250 X1.'437:
2395 2201 2617 2249 curvatis
2678 2208 2936 2250 erectus

782 2280 1020 2330 fluctibus
1055 2281 1274 2344 pontus“
1328 2281 1462 2328 idem
1517 2281 1762 2344 suspicari
1824 2289 1975 2345 atque
2022 2285 2087 2332 de
2122 2283 2399 2334 Ammiano
2432 2285 2592 2338 Marc.
2628 2285 2748 2340 XV.
2788 2288 2835 2345 9,
2875 2289 2935 2335 8:

784 2365 1016 2414 Druidae
1053 2391 1116 2400 -
1157 2366 1542 2428 quaestionibus
1579 2367 1900 2415 occultarum
1935 2375 2106 2418 rerum
2144 2369 2464 2434 altarumque
2517 2371 2723 2420 erecti
2759 2371 2936 2434 sunt“)

783 2449 1198 2511 Claudiamque:
1267 2458 1566 2499 exsertus
1626 2451 1883 2501 lentandis
1954 2453 2127 2501 navita
2184 2455 2434 2515 remis“‚
2498 2471 2627 2520 quos
2686 2455 2936 2506 Heinsius

785 2535 934 2584 Mall.
971 2537 1040 2584 42
1074 2550 1126 2597 p.
1164 2535 1262 2584 245
1302 2531 1633 2599 comparavit,
1691 2551 1794 2586 non
1855 2537 1971 2585 item
2008 2538 2235 2588 Jacobus
2274 2537 2483 2599 Quaest.
2521 2541 2667 2606 Epic.
2706 2541 2777 2592 Π.
2814 2545 2863 2604 4,
2903 2545 2938 2591 4

784 2637 834 2683 p.
877 2619 971 2670 151
1011 2617 1128 2682 sqf?

925 2704 1191 2753 Postremo
1251 2705 1342 2752 lux
1397 2704 1705 2754 affundenda
1764 2713 1840 2755 est
1900 2705 2171 2757 Glossae
2231 2710 2430 2763 Paris.
2494 2728 2540 2774 p.
2604 2715 2729 2772 131,
2809 2714 2927 2762 2133

788 2791 1037 2838 Exarta
1107 2804 1270 2838 vacua
1341 2791 1422 2838 vel
1493 2793 1700 2854 parva.“
1809 2791 1959 2850 Quae
2020 2802 2213 2843 tantum
2275 2797 2445 2857 abest,
2517 2805 2573 2845 ut
2632 2799 2698 2847 ab
2759 2797 2930 2848 Hilde-

791 2875 990 2922 brando
1028 2875 1129 2922 hoc
1168 2885 1482 2924 commento:
1539 2883 1813 2926 exausta
1850 2879 2046 2926 vacua“
2084 2881 2419 2942 probabiliter
2455 2881 2519 2931 sit
2554 2881 2815 2944 restituta,
2874 2893 2938 2932 ut

792 2958 930 3007 facta
965 2959 1194 3008 locorum
1232 2961 1464 3008 similiter
1499 2969 1850 3025 corruptorum
1889 2978 1938 3026 p.
1980 2965 2096 3023 287,
2132 2966 2192 3015 4:
2230 2964 2431 3024 Vacua,
2469 2985 2645 3031 parva,
2684 2970 2937 3019 exerta“

792 3042 885 3106 (cf.
925 3044 1082 3108 Apul.
1129 3045 1254 3093 Met.
1293 3045 1390 3095 IV.
1455 3063 1503 3108 p.
1541 3049 1645 3095 406
1704 3055 1964 3096 exserto
2028 3052 2246 3099 contecti
2309 3053 2525 3103 tramite.
2610 3055 2739 3118 Reg.
2798 3056 2936 3108 Fux.

793 3127 964 3177 Oxon.
993 3129 1153 3180 Dorv.
1180 3129 1316 3180 Pith.
1344 3129 1515 3180 Guelf.
1557 3132 1819 3194 exarto).
1857 3149 1906 3197 p.
1928 3135 2043 3194 233,
2062 3136 2151 3184 6οε
2188 3135 2374 3198 Parva,
2413 3151 2591 3200 vacua,
2630 3139 2941 3191 exausta“

792 3211 846 3262 i‘n
883 3216 1017 3264 hanc
1054 3213 1274 3278 speciem
1311 3223 1450 3264 recte
1488 3216 1815 3266 reformetur:
1862 3219 2131 3278 Exusta,
2180 3235 2343 3270 vacua
2390 3223 2471 3272 vel
2519 3227 2723 3288 pura.“
2794 3226 2943 3286 Quae

793 3299 923 3346 enim
961 3299 1080 3347 loca
1117 3307 1342 3348 exarta
1377 3299 1625 3361 dicantur,
1654 3303 1818 3351 'docet
1855 3301 2077 3367 Cangius
2116 3305 2281 3354 Gloss.
2320 3307 2389 3357 11.
2427 3325 2475 3372 p.
2517 3311 2614 3360 298
2652 3327 2725 3375 sq.
2782 3310 2942 3376 (Leg.

795 3384 1058 3445 Burgund.
1097 3383 1200 3432 Tit.
1244 3385 1332 3433 13:
1395 3383 1450 3432 Si
1511 3387 1622 3448 quis
1662 3413 1723 3422 —
1761 3387 1813 3435 in
1874 3388 2004 3436 silva
2062 3392 2311 3440 communi
2372 3402 2654 3444 exartum
2689 3394 2946 3459 fecerit“),

794 3481 926 3530 quae
985 3482 1166 3530 pura,
1230 3469 1551 3519 Burmannus
1606 3470 1753 3521 Ovid.
1794 3473 1933 3522 Fast.
1974 3473 2070 3523 111.
2109 3477 2207 3525 582
2244 3493 2291 3540 p.
2332 3477 2446 3538 203,
2507 3494 2654 3543 quem
2707 3482 2947 3546 neglexit

795 3549 1069 3615 Rupertius
1107 3553 1231 3602 Tac.
1277 3553 1417 3603 Ann.
1473 3554 1543 3606 ΙΙ.
1605 3557 1668 3604 16
1720 3573 1768 3619 p.
1829 3558 1951 3618 164,
2003 3573 2157 3608 voces
2212 3577 2408 3625 parva
2461 3573 2511 3612 et
2563 3580 2723 3627 pura
2774 3573 2946 3616 autem

796 3638 862 3685 ad
887 3660 892 3668 ·
920 3640 1330 3688 commutandum
1384 3639 1559 3688 faciles
1612 3640 1770 3689 fuisse
1827 3651 1881 3689 et
1924 3642 2208 3705 hujusmodi
2254 3647 2380 3696 locis
2427 3649 2707 3712 colligitur,
2761 3652 2945 3713 quales

795 3728 914 3770 ‘sunt
959 3722 1212 3772 Martialis
1249 3723 1346 3775 IV.
1384 3726 1474 3782 50,
1521 3725 1586 3772 22
1642 3727 1777 3774 vada
1812 3743 1983 3789 pura.
2056 3729 2271 3784 Putean.
2310 3747 2467 3796 para
2527 3741 2577 3780 et
2628 3733 2826 3784 Lucani
2874 3737 2948 3786 11.

799 3811 894 3857 128
945 3823 1217 3871 parvum,
1267 3809 1413 3858 codd.
1463 3805 1602 3858 Cort.
1650 3826 1700 3873 p.
1741 3814 1838 3860 208
1876 3828 2120 3876 parum,
2158 3825 2209 3863 et
2243 3798 2487 3882 exemplis
2524 3828 2830 3882 compertum
2870 3831 2950 3871 est

797 3907 912 3940 cum
960 3893 1100 3954 aliis,
1161 3907 1294 3956 quae
1338 3895 1391 3941 in
1437 3893 1691 3946 Emendd.
1740 3897 1895 3961 Prop.
1945 3897 2041 3946 IX.
2088 3903 2119 3947 2
2166 3900 2461 3962 afferentur,
2516 3911 2620 3952 tum
2675 3906 2758 3964 iis,
2814 3921 2949 3970 quae

796 3979 1068 4040 proposuit
1103 3978 1428 4028 Burmannus
1465 3978 1612 4029 ovid.
1652 3981 1685 4028 1.
1725 3983 1773 4030 d.
1813 3991 1867 4031 et
1903 3983 2099 4034 Lucan.
2138 3986 2233 4034 VI.
2272 3986 2371 4036 367
2406 4005 2456 4052 p.
2492 3989 2612 4039 417.
