<?xml version="1.0" encoding="UTF-8"?>
<!DOCTYPE html PUBLIC "-//W3C//DTD XHTML 1.0 Transitional//EN"
    "http://www.w3.org/TR/xhtml1/DTD/xhtml1-transitional.dtd">
<html xmlns="http://www.w3.org/1999/xhtml" xml:lang="en" lang="en">
 <head>
  <title>
</title>
<meta http-equiv="Content-Type" content="text/html;charset=utf-8" />
  <meta name='ocr-system' content='tesseract 3.04.00' />
  <meta name='ocr-capabilities' content='ocr_page ocr_carea ocr_par ocr_line ocrx_word'/>
</head>
<body>
  <div class='ocr_page' id='page_1' title='image "./ppapiniistatiie00ungegoog_0032.png"; bbox 0 0 3234 4967; ppageno 0'>
   <div class='ocr_carea' id='block_1_1' title="bbox 645 347 1905 412">
    <p class='ocr_par' dir='ltr' id='par_1_1' title="bbox 645 347 1905 412">
     <span class='ocr_line' id='line_1_1' title="bbox 645 347 1905 412; baseline -0.01 0"><span class='ocrx_word' id='word_1_1' title='bbox 645 347 730 412; x_wconf 83' lang='grc'>24</span> <span class='ocrx_word' id='word_1_2' title='bbox 1534 349 1765 402; x_wconf 77' lang='lat' dir='ltr'>Adnot.</span> <span class='ocrx_word' id='word_1_3' title='bbox 1809 348 1905 400; x_wconf 79' lang='lat'>14.</span> 
     </span>
    </p>
   </div>
   <div class='ocr_carea' id='block_1_2' title="bbox 640 545 2792 2021">
    <p class='ocr_par' dir='ltr' id='par_1_2' title="bbox 640 545 2792 2021">
     <span class='ocr_line' id='line_1_2' title="bbox 643 545 2790 640; baseline -0.002 -20"><span class='ocrx_word' id='word_1_4' title='bbox 643 553 792 620; x_wconf 86' lang='lat' dir='ltr'>bus</span> <span class='ocrx_word' id='word_1_5' title='bbox 837 575 991 640; x_wconf 86' lang='lat' dir='ltr'>ego:</span> <span class='ocrx_word' id='word_1_6' title='bbox 1053 551 1420 636; x_wconf 79' lang='lat' dir='ltr'>Queckius:</span> <span class='ocrx_word' id='word_1_7' title='bbox 1485 554 1691 619; x_wconf 78' lang='lat' dir='ltr'>orbit</span> <span class='ocrx_word' id='word_1_8' title='bbox 1754 552 1975 620; x_wconf 87' lang='lat' dir='ltr'>Orbus</span> <span class='ocrx_word' id='word_1_9' title='bbox 2012 545 2165 639; x_wconf 79' lang='lat' dir='ltr'>ego,</span> <span class='ocrx_word' id='word_1_10' title='bbox 2216 561 2285 616; x_wconf 87' lang='lat' dir='ltr'>at</span> <span class='ocrx_word' id='word_1_11' title='bbox 2329 550 2790 618; x_wconf 84' lang='lat' dir='ltr'>Marklandus:</span> 
     </span>
     <span class='ocr_line' id='line_1_3' title="bbox 643 657 2791 749; baseline -0.002 -23"><span class='ocrx_word' id='word_1_12' title='bbox 643 683 866 746; x_wconf 84' lang='lat' dir='ltr'>genas,</span> <span class='ocrx_word' id='word_1_13' title='bbox 916 667 982 724; x_wconf 81' lang='lat' dir='ltr'>et</span> <span class='ocrx_word' id='word_1_14' title='bbox 1027 657 1276 726; x_wconf 81' lang='lat' dir='ltr'>credite</span> <span class='ocrx_word' id='word_1_15' title='bbox 1325 659 1791 749; x_wconf 60' lang='lat' dir='ltr'>planctibus}</span> <span class='ocrx_word' id='word_1_16' title='bbox 1840 660 2043 742; x_wconf 81' lang='lat' dir='ltr'>orbi,</span> <span class='ocrx_word' id='word_1_17' title='bbox 2092 657 2309 725; x_wconf 87' lang='lat' dir='ltr'>Orbus</span> <span class='ocrx_word' id='word_1_18' title='bbox 2357 662 2549 744; x_wconf 84' lang='lat' dir='ltr'>ego.“</span> <span class='ocrx_word' id='word_1_19' title='bbox 2617 657 2791 723; x_wconf 88' lang='lat' dir='ltr'>Ante</span> 
     </span>
     <span class='ocr_line' id='line_1_4' title="bbox 643 763 2790 856; baseline -0.002 -24"><span class='ocrx_word' id='word_1_20' title='bbox 643 788 837 856; x_wconf 88' lang='lat' dir='ltr'>quem</span> <span class='ocrx_word' id='word_1_21' title='bbox 893 766 1154 832; x_wconf 81' lang='lat' dir='ltr'>dixerat</span> <span class='ocrx_word' id='word_1_22' title='bbox 1213 763 1460 853; x_wconf 87' lang='lat' dir='ltr'>aliquid</span> <span class='ocrx_word' id='word_1_23' title='bbox 1519 775 1584 830; x_wconf 91' lang='lat' dir='ltr'>et</span> <span class='ocrx_word' id='word_1_24' title='bbox 1629 765 1939 832; x_wconf 83' lang='lat' dir='ltr'>Barthius</span> <span class='ocrx_word' id='word_1_25' title='bbox 1984 763 2159 830; x_wconf 84' lang='lat' dir='ltr'><strong>Adv.</strong></span> <span class='ocrx_word' id='word_1_26' title='bbox 2200 763 2361 830; x_wconf 82' lang='lat' dir='ltr'>Xlll.</span> <span class='ocrx_word' id='word_1_27' title='bbox 2400 765 2483 828; x_wconf 89' lang='grc'>10</span> <span class='ocrx_word' id='word_1_28' title='bbox 2529 787 2593 851; x_wconf 90' lang='lat' dir='ltr'>p.</span> <span class='ocrx_word' id='word_1_29' title='bbox 2630 764 2790 828; x_wconf 81' lang='lat'>729:</span> 
     </span>
     <span class='ocr_line' id='line_1_5' title="bbox 647 868 2791 958; baseline -0.002 -20"><span class='ocrx_word' id='word_1_30' title='bbox 647 893 917 958; x_wconf 85' lang='lat' dir='ltr'>,‚genas,</span> <span class='ocrx_word' id='word_1_31' title='bbox 979 879 1048 936; x_wconf 89' lang='lat' dir='ltr'>et</span> <span class='ocrx_word' id='word_1_32' title='bbox 1105 869 1353 937; x_wconf 82' lang='lat' dir='ltr'>credite</span> <span class='ocrx_word' id='word_1_33' title='bbox 1413 869 1891 958; x_wconf 83' lang='lat' dir='ltr'>planctibus</span> <span class='ocrx_word' id='word_1_34' title='bbox 1962 870 2159 937; x_wconf 88' lang='lat' dir='ltr'>orbi.</span> <span class='ocrx_word' id='word_1_35' title='bbox 2250 869 2542 934; x_wconf 86' lang='lat' dir='ltr'>Fletus</span> <span class='ocrx_word' id='word_1_36' title='bbox 2612 868 2791 934; x_wconf 89' lang='lat' dir='ltr'>orbi</span> 
     </span>
     <span class='ocr_line' id='line_1_6' title="bbox 651 975 2791 1065; baseline -0.002 -21"><span class='ocrx_word' id='word_1_37' title='bbox 651 985 803 1044; x_wconf 87' lang='lat' dir='ltr'>sunt</span> <span class='ocrx_word' id='word_1_38' title='bbox 869 1000 1034 1065; x_wconf 89' lang='lat' dir='ltr'>quos</span> <span class='ocrx_word' id='word_1_39' title='bbox 1099 999 1292 1043; x_wconf 90' lang='lat' dir='ltr'>nemo</span> <span class='ocrx_word' id='word_1_40' title='bbox 1361 978 1568 1064; x_wconf 78' lang='lat' dir='ltr'>possit</span> <span class='ocrx_word' id='word_1_41' title='bbox 1634 978 1793 1044; x_wconf 88' lang='lat' dir='ltr'>nisi·</span> <span class='ocrx_word' id='word_1_42' title='bbox 1831 998 2094 1064; x_wconf 84' lang='lat' dir='ltr'>prorsus</span> <span class='ocrx_word' id='word_1_43' title='bbox 2161 976 2337 1043; x_wconf 84' lang='lat' dir='ltr'>bona</span> <span class='ocrx_word' id='word_1_44' title='bbox 2402 975 2533 1041; x_wconf 90' lang='lat' dir='ltr'>fide</span> <span class='ocrx_word' id='word_1_45' title='bbox 2597 975 2791 1040; x_wconf 88' lang='lat' dir='ltr'>orbus</span> 
     </span>
     <span class='ocr_line' id='line_1_7' title="bbox 643 1080 2791 1171; baseline -0.001 -23"><span class='ocrx_word' id='word_1_46' title='bbox 643 1092 827 1150; x_wconf 86' lang='lat' dir='ltr'>tanto</span> <span class='ocrx_word' id='word_1_47' title='bbox 886 1083 1132 1149; x_wconf 83' lang='lat' dir='ltr'>affectu</span> <span class='ocrx_word' id='word_1_48' title='bbox 1188 1087 1536 1149; x_wconf 83' lang='lat' dir='ltr'>movere.“</span> <span class='ocrx_word' id='word_1_49' title='bbox 1639 1083 1993 1150; x_wconf 86' lang='lat' dir='ltr'>Animadv.</span> <span class='ocrx_word' id='word_1_50' title='bbox 2038 1107 2105 1171; x_wconf 88' lang='lat' dir='ltr'>p.</span> <span class='ocrx_word' id='word_1_51' title='bbox 2147 1082 2311 1148; x_wconf 76' lang='lat'>5022</span> <span class='ocrx_word' id='word_1_52' title='bbox 2372 1080 2791 1169; x_wconf 81' lang='lat' dir='ltr'>„planctibus</span> 
     </span>
     <span class='ocr_line' id='line_1_8' title="bbox 645 1187 2787 1278; baseline -0.001 -23"><span class='ocrx_word' id='word_1_53' title='bbox 645 1189 808 1256; x_wconf 89' lang='lat' dir='ltr'>orbi.</span> <span class='ocrx_word' id='word_1_54' title='bbox 901 1190 1036 1272; x_wconf 79' lang='lat' dir='ltr'>Qui</span> <span class='ocrx_word' id='word_1_55' title='bbox 1092 1188 1318 1276; x_wconf 80' lang='lat' dir='ltr'>lugeat</span> <span class='ocrx_word' id='word_1_56' title='bbox 1373 1189 1581 1254; x_wconf 87' lang='lat' dir='ltr'>instar</span> <span class='ocrx_word' id='word_1_57' title='bbox 1636 1190 1777 1254; x_wconf 87' lang='lat' dir='ltr'>veri</span> <span class='ocrx_word' id='word_1_58' title='bbox 1832 1190 2039 1278; x_wconf 85' lang='lat' dir='ltr'>patris</span> <span class='ocrx_word' id='word_1_59' title='bbox 2058 1193 2097 1226; x_wconf 88' lang='lat'><strong><em>“</em></strong></span> <span class='ocrx_word' id='word_1_60' title='bbox 2146 1197 2213 1253; x_wconf 92' lang='lat' dir='ltr'>et</span> <span class='ocrx_word' id='word_1_61' title='bbox 2256 1188 2567 1252; x_wconf 76' lang='lat' dir='ltr'>Heinsius</span> <span class='ocrx_word' id='word_1_62' title='bbox 2612 1187 2787 1252; x_wconf 84' lang='lat' dir='ltr'>Adv.</span> 
     </span>
     <span class='ocr_line' id='line_1_9' title="bbox 640 1293 2792 1382; baseline -0.001 -22"><span class='ocrx_word' id='word_1_63' title='bbox 640 1293 749 1362; x_wconf 90' lang='lat' dir='ltr'>lV.</span> <span class='ocrx_word' id='word_1_64' title='bbox 781 1295 825 1360; x_wconf 89' lang='lat'>4</span> <span class='ocrx_word' id='word_1_65' title='bbox 870 1318 936 1382; x_wconf 88' lang='lat' dir='ltr'>p.</span> <span class='ocrx_word' id='word_1_66' title='bbox 967 1293 1126 1363; x_wconf 74' lang='lat'>5932</span> <span class='ocrx_word' id='word_1_67' title='bbox 1193 1294 1505 1378; x_wconf 79' lang='lat' dir='ltr'>„Scribet</span> <span class='ocrx_word' id='word_1_68' title='bbox 1565 1303 1631 1361; x_wconf 93' lang='lat' dir='ltr'>et</span> <span class='ocrx_word' id='word_1_69' title='bbox 1678 1293 1926 1360; x_wconf 83' lang='lat' dir='ltr'>credite</span> <span class='ocrx_word' id='word_1_70' title='bbox 1972 1294 2234 1361; x_wconf 88' lang='lat' dir='ltr'>fletibus</span> <span class='ocrx_word' id='word_1_71' title='bbox 2282 1293 2599 1377; x_wconf 87' lang='lat' dir='ltr'>orbum,</span> <span class='ocrx_word' id='word_1_72' title='bbox 2660 1315 2792 1361; x_wconf 89' lang='lat' dir='ltr'>non</span> 
     </span>
     <span class='ocr_line' id='line_1_10' title="bbox 643 1399 2791 1468; baseline 0 -2"><span class='ocrx_word' id='word_1_73' title='bbox 643 1401 826 1468; x_wconf 85' lang='lat' dir='ltr'>orbi.</span> <span class='ocrx_word' id='word_1_74' title='bbox 919 1399 1191 1468; x_wconf 79' lang='lat' dir='ltr'>Credite</span> <span class='ocrx_word' id='word_1_75' title='bbox 1261 1402 1426 1467; x_wconf 88' lang='lat' dir='ltr'>meis</span> <span class='ocrx_word' id='word_1_76' title='bbox 1493 1401 1755 1468; x_wconf 88' lang='lat' dir='ltr'>fletibus</span> <span class='ocrx_word' id='word_1_77' title='bbox 1818 1401 2046 1467; x_wconf 90' lang='lat' dir='ltr'>orbum</span> <span class='ocrx_word' id='word_1_78' title='bbox 2104 1423 2209 1466; x_wconf 90' lang='lat' dir='ltr'>me</span> <span class='ocrx_word' id='word_1_79' title='bbox 2272 1422 2436 1466; x_wconf 84' lang='lat' dir='ltr'>esse.</span> <span class='ocrx_word' id='word_1_80' title='bbox 2452 1404 2494 1450; x_wconf 53' lang='grc' dir='ltr'>ί(</span> <span class='ocrx_word' id='word_1_81' title='bbox 2584 1400 2791 1467; x_wconf 86' lang='lat' dir='ltr'>Nobis</span> 
     </span>
     <span class='ocr_line' id='line_1_11' title="bbox 643 1504 2791 1596; baseline -0.001 -25"><span class='ocrx_word' id='word_1_82' title='bbox 643 1505 824 1572; x_wconf 83' lang='lat' dir='ltr'>aliud</span> <span class='ocrx_word' id='word_1_83' title='bbox 857 1506 1181 1596; x_wconf 86' lang='lat' dir='ltr'>judicium</span> <span class='ocrx_word' id='word_1_84' title='bbox 1225 1517 1363 1572; x_wconf 88' lang='lat' dir='ltr'>est:</span> <span class='ocrx_word' id='word_1_85' title='bbox 1410 1506 1719 1574; x_wconf 86' lang='lat' dir='ltr'>videntur</span> <span class='ocrx_word' id='word_1_86' title='bbox 1764 1507 1937 1572; x_wconf 88' lang='lat' dir='ltr'>enim</span> <span class='ocrx_word' id='word_1_87' title='bbox 1984 1506 2192 1574; x_wconf 85' lang='lat' dir='ltr'>verba</span> <span class='ocrx_word' id='word_1_88' title='bbox 2238 1515 2308 1570; x_wconf 89' lang='lat' dir='ltr'>et</span> <span class='ocrx_word' id='word_1_89' title='bbox 2352 1504 2491 1574; x_wconf 79' lang='lat' dir='ltr'>illa:</span> <span class='ocrx_word' id='word_1_90' title='bbox 2550 1505 2791 1588; x_wconf 79' lang='lat' dir='ltr'>orbus</span> 
     </span>
     <span class='ocr_line' id='line_1_12' title="bbox 643 1605 2791 1700; baseline -0 -23"><span class='ocrx_word' id='word_1_91' title='bbox 643 1605 791 1700; x_wconf 88' lang='lat' dir='ltr'>ego</span> <span class='ocrx_word' id='word_1_92' title='bbox 839 1622 906 1678; x_wconf 89' lang='lat' dir='ltr'>et</span> <span class='ocrx_word' id='word_1_93' title='bbox 950 1612 1141 1680; x_wconf 80' lang='lat' dir='ltr'>haec:</span> <span class='ocrx_word' id='word_1_94' title='bbox 1204 1613 1524 1677; x_wconf 86' lang='lat' dir='ltr'>cernite</span> <span class='ocrx_word' id='word_1_95' title='bbox 1583 1650 1673 1660; x_wconf 87' lang='lat'>-—</span> <span class='ocrx_word' id='word_1_96' title='bbox 1730 1612 2041 1678; x_wconf 87' lang='lat' dir='ltr'>credite</span> <span class='ocrx_word' id='word_1_97' title='bbox 2100 1611 2225 1677; x_wconf 90' lang='lat' dir='ltr'>hoc</span> <span class='ocrx_word' id='word_1_98' title='bbox 2283 1610 2553 1694; x_wconf 81' lang='lat' dir='ltr'>hortari,</span> <span class='ocrx_word' id='word_1_99' title='bbox 2615 1611 2791 1699; x_wconf 88' lang='lat' dir='ltr'>quod</span> 
     </span>
     <span class='ocr_line' id='line_1_13' title="bbox 641 1714 2789 1804; baseline -0.001 -22"><span class='ocrx_word' id='word_1_100' title='bbox 641 1718 863 1784; x_wconf 88' lang='lat' dir='ltr'>nescio</span> <span class='ocrx_word' id='word_1_101' title='bbox 910 1741 994 1782; x_wconf 91' lang='lat' dir='ltr'>an</span> <span class='ocrx_word' id='word_1_102' title='bbox 1051 1725 1442 1804; x_wconf 81' lang='lat' dir='ltr'>assequutus</span> <span class='ocrx_word' id='word_1_103' title='bbox 1500 1716 1584 1782; x_wconf 88' lang='lat' dir='ltr'>sit</span> <span class='ocrx_word' id='word_1_104' title='bbox 1643 1714 2097 1797; x_wconf 82' lang='lat' dir='ltr'>Marklandus,</span> <span class='ocrx_word' id='word_1_105' title='bbox 2144 1724 2219 1779; x_wconf 90' lang='lat' dir='ltr'>ut</span> <span class='ocrx_word' id='word_1_106' title='bbox 2264 1723 2621 1792; x_wconf 79' lang='lat' dir='ltr'>statuamus</span> <span class='ocrx_word' id='word_1_107' title='bbox 2665 1716 2789 1781; x_wconf 87' lang='lat' dir='ltr'>hoc</span> 
     </span>
     <span class='ocr_line' id='line_1_14' title="bbox 643 1822 2787 1911; baseline -0.001 -23"><span class='ocrx_word' id='word_1_108' title='bbox 643 1823 804 1888; x_wconf 78' lang='lat' dir='ltr'>dici:</span> <span class='ocrx_word' id='word_1_109' title='bbox 847 1823 1368 1911; x_wconf 86' lang='lat' dir='ltr'>„quicunque</span> <span class='ocrx_word' id='word_1_110' title='bbox 1416 1822 1597 1888; x_wconf 89' lang='lat' dir='ltr'>orbi</span> <span class='ocrx_word' id='word_1_111' title='bbox 1645 1823 1879 1906; x_wconf 85' lang='lat' dir='ltr'>estis,</span> <span class='ocrx_word' id='word_1_112' title='bbox 1925 1823 2171 1890; x_wconf 84' lang='lat' dir='ltr'>cernite</span> <span class='ocrx_word' id='word_1_113' title='bbox 2199 1822 2407 1888; x_wconf 71' lang='lat' dir='ltr'>fletus</span> <span class='ocrx_word' id='word_1_114' title='bbox 2438 1832 2507 1888; x_wconf 91' lang='lat' dir='ltr'>et</span> <span class='ocrx_word' id='word_1_115' title='bbox 2536 1823 2787 1888; x_wconf 85' lang='lat' dir='ltr'>credite</span> 
     </span>
     <span class='ocr_line' id='line_1_15' title="bbox 640 1927 1919 2021; baseline -0.001 -27"><span class='ocrx_word' id='word_1_116' title='bbox 640 1927 1036 2016; x_wconf 80' lang='lat' dir='ltr'>planctibus:</span> <span class='ocrx_word' id='word_1_117' title='bbox 1084 1949 1208 2014; x_wconf 83' lang='lat' dir='ltr'>ego</span> <span class='ocrx_word' id='word_1_118' title='bbox 1254 1951 1413 2021; x_wconf 88' lang='lat' dir='ltr'>vere</span> <span class='ocrx_word' id='word_1_119' title='bbox 1463 1927 1659 1994; x_wconf 87' lang='lat' dir='ltr'>orbus</span> <span class='ocrx_word' id='word_1_120' title='bbox 1706 1931 1919 1993; x_wconf 84' lang='lat' dir='ltr'>sum.“</span> 
     </span>
    </p>
   </div>
   <div class='ocr_carea' id='block_1_3' title="bbox 567 2238 2800 3916">
    <p class='ocr_par' dir='ltr' id='par_1_3' title="bbox 567 2238 2800 3916">
     <span class='ocr_line' id='line_1_16' title="bbox 815 2238 2789 2328; baseline 0.001 -24"><span class='ocrx_word' id='word_1_121' title='bbox 815 2238 1207 2328; x_wconf 88' lang='lat' dir='ltr'>Incorrupto</span> <span class='ocrx_word' id='word_1_122' title='bbox 1263 2261 1420 2308; x_wconf 85' lang='lat' dir='ltr'>usus</span> <span class='ocrx_word' id='word_1_123' title='bbox 1473 2239 1719 2324; x_wconf 73' lang='lat' dir='ltr'>judicio</span> <span class='ocrx_word' id='word_1_124' title='bbox 1764 2240 2073 2307; x_wconf 76' lang='lat' dir='ltr'>Barthius</span> <span class='ocrx_word' id='word_1_125' title='bbox 2120 2242 2217 2306; x_wconf 88' lang='lat' dir='ltr'>ita</span> <span class='ocrx_word' id='word_1_126' title='bbox 2262 2241 2569 2307; x_wconf 85' lang='lat' dir='ltr'>disseruit</span> <span class='ocrx_word' id='word_1_127' title='bbox 2614 2239 2789 2307; x_wconf 85' lang='lat' dir='ltr'>Adv.</span> 
     </span>
     <span class='ocr_line' id='line_1_17' title="bbox 639 2327 2791 2437; baseline 0 -25"><span class='ocrx_word' id='word_1_128' title='bbox 639 2343 799 2412; x_wconf 83' lang='lat' dir='ltr'>xm.</span> <span class='ocrx_word' id='word_1_129' title='bbox 838 2345 922 2410; x_wconf 91' lang='lat'>10</span> <span class='ocrx_word' id='word_1_130' title='bbox 965 2369 1031 2434; x_wconf 82' lang='lat' dir='ltr'>p.</span> <span class='ocrx_word' id='word_1_131' title='bbox 1075 2346 1228 2412; x_wconf 83' lang='lat'><strong>729.</strong></span> <span class='ocrx_word' id='word_1_132' title='bbox 1295 2345 1647 2413; x_wconf 71' lang='lat' dir='ltr'>Animadv.</span> <span class='ocrx_word' id='word_1_133' title='bbox 1693 2371 1757 2435; x_wconf 84' lang='lat' dir='ltr'>p.</span> <span class='ocrx_word' id='word_1_134' title='bbox 1790 2346 1952 2413; x_wconf 82' lang='lat'>502:</span> <span class='ocrx_word' id='word_1_135' title='bbox 2025 2349 2154 2431; x_wconf 76' lang='lat' dir='ltr'>Qui</span> <span class='ocrx_word' id='word_1_136' title='bbox 2207 2327 2463 2437; x_wconf 50' lang='lat' dir='ltr'>sapius</span> <span class='ocrx_word' id='word_1_137' title='bbox 2528 2349 2791 2434; x_wconf 81' lang='lat' dir='ltr'>genium</span> 
     </span>
     <span class='ocr_line' id='line_1_18' title="bbox 640 2451 2800 2541; baseline -0.001 -25"><span class='ocrx_word' id='word_1_138' title='bbox 640 2451 896 2540; x_wconf 85' lang='lat' dir='ltr'>locique</span> <span class='ocrx_word' id='word_1_139' title='bbox 941 2453 1130 2520; x_wconf 86' lang='lat' dir='ltr'>istius</span> <span class='ocrx_word' id='word_1_140' title='bbox 1161 2453 1636 2518; x_wconf 80' lang='lat' dir='ltr'>connexionem</span> <span class='ocrx_word' id='word_1_141' title='bbox 1661 2453 2011 2541; x_wconf 84' lang='lat' dir='ltr'>perpendit</span> <span class='ocrx_word' id='word_1_142' title='bbox 2052 2477 2175 2520; x_wconf 87' lang='lat' dir='ltr'>nec</span> <span class='ocrx_word' id='word_1_143' title='bbox 2206 2453 2463 2520; x_wconf 86' lang='lat' dir='ltr'>videbit</span> <span class='ocrx_word' id='word_1_144' title='bbox 2499 2475 2800 2520; x_wconf 73' lang='lat' dir='ltr'>versum:</span> 
     </span>
     <span class='ocr_line' id='line_1_19' title="bbox 645 2556 2795 2645; baseline 0.001 -21"><span class='ocrx_word' id='word_1_145' title='bbox 645 2556 1166 2624; x_wconf 84' lang='lat' dir='ltr'>Conveniant</span> <span class='ocrx_word' id='word_1_146' title='bbox 1285 2558 1781 2645; x_wconf 87' lang='lat' dir='ltr'>cineresque</span> <span class='ocrx_word' id='word_1_147' title='bbox 1902 2559 2161 2624; x_wconf 88' lang='lat' dir='ltr'>oculis</span> <span class='ocrx_word' id='word_1_148' title='bbox 2266 2569 2343 2625; x_wconf 90' lang='lat' dir='ltr'>et</span> <span class='ocrx_word' id='word_1_149' title='bbox 2444 2560 2795 2626; x_wconf 82' lang='lat' dir='ltr'>carmina</span> 
     </span>
     <span class='ocr_line' id='line_1_20' title="bbox 641 2663 2797 2754; baseline 0.001 -26"><span class='ocrx_word' id='word_1_150' title='bbox 641 2664 856 2728; x_wconf 87' lang='lat' dir='ltr'>ferte</span> <span class='ocrx_word' id='word_1_151' title='bbox 904 2664 1217 2751; x_wconf 87' lang='lat' dir='ltr'>spurium,</span> <span class='ocrx_word' id='word_1_152' title='bbox 1265 2663 1622 2748; x_wconf 82' lang='lat' dir='ltr'>falsarium,</span> <span class='ocrx_word' id='word_1_153' title='bbox 1664 2665 2160 2752; x_wconf 85' lang='lat' dir='ltr'>suppositicium</span> <span class='ocrx_word' id='word_1_154' title='bbox 2204 2675 2272 2730; x_wconf 88' lang='lat' dir='ltr'>et</span> <span class='ocrx_word' id='word_1_155' title='bbox 2316 2666 2371 2731; x_wconf 91' lang='lat' dir='ltr'>si</span> <span class='ocrx_word' id='word_1_156' title='bbox 2418 2665 2575 2753; x_wconf 90' lang='lat' dir='ltr'>quid</span> <span class='ocrx_word' id='word_1_157' title='bbox 2605 2668 2797 2754; x_wconf 88' lang='lat' dir='ltr'>pejus·</span> 
     </span>
     <span class='ocr_line' id='line_1_21' title="bbox 644 2769 2795 2857; baseline 0 -23"><span class='ocrx_word' id='word_1_158' title='bbox 644 2769 774 2834; x_wconf 85' lang='lat' dir='ltr'>dici</span> <span class='ocrx_word' id='word_1_159' title='bbox 832 2777 1071 2857; x_wconf 87' lang='lat' dir='ltr'>potest,</span> <span class='ocrx_word' id='word_1_160' title='bbox 1120 2791 1284 2852; x_wconf 80' lang='lat' dir='ltr'>esse,</span> <span class='ocrx_word' id='word_1_161' title='bbox 1349 2770 1406 2833; x_wconf 90' lang='lat' dir='ltr'>is</span> <span class='ocrx_word' id='word_1_162' title='bbox 1451 2770 1748 2856; x_wconf 84' lang='lat' dir='ltr'>profecto</span> <span class='ocrx_word' id='word_1_163' title='bbox 1806 2771 2096 2837; x_wconf 89' lang='lat' dir='ltr'>nondum</span> <span class='ocrx_word' id='word_1_164' title='bbox 2154 2773 2313 2838; x_wconf 85' lang='lat' dir='ltr'>satis</span> <span class='ocrx_word' id='word_1_165' title='bbox 2372 2771 2647 2839; x_wconf 88' lang='lat' dir='ltr'>videbit.</span> <span class='ocrx_word' id='word_1_166' title='bbox 2706 2809 2795 2820; x_wconf 87' lang='lat'>—-</span> 
     </span>
     <span class='ocr_line' id='line_1_22' title="bbox 643 2873 2792 2964; baseline -0.001 -24"><span class='ocrx_word' id='word_1_167' title='bbox 643 2876 796 2958; x_wconf 76' lang='lat' dir='ltr'>Qua</span> <span class='ocrx_word' id='word_1_168' title='bbox 851 2873 1065 2942; x_wconf 80' lang='lat' dir='ltr'>fronte</span> <span class='ocrx_word' id='word_1_169' title='bbox 1135 2913 1223 2924; x_wconf 88' lang='grc'>--</span> <span class='ocrx_word' id='word_1_170' title='bbox 1287 2875 1540 2940; x_wconf 87' lang='lat' dir='ltr'>cineres</span> <span class='ocrx_word' id='word_1_171' title='bbox 1601 2875 1805 2942; x_wconf 89' lang='lat' dir='ltr'>oculis</span> <span class='ocrx_word' id='word_1_172' title='bbox 1863 2885 1931 2942; x_wconf 86' lang='lat' dir='ltr'>et</span> <span class='ocrx_word' id='word_1_173' title='bbox 1986 2879 2276 2943; x_wconf 85' lang='lat' dir='ltr'>carmina</span> <span class='ocrx_word' id='word_1_174' title='bbox 2334 2878 2507 2942; x_wconf 84' lang='lat' dir='ltr'>ferre</span> <span class='ocrx_word' id='word_1_175' title='bbox 2564 2885 2792 2964; x_wconf 83' lang='lat' dir='ltr'>poscat</span> 
     </span>
     <span class='ocr_line' id='line_1_23' title="bbox 638 2979 2796 3069; baseline -0.001 -24"><span class='ocrx_word' id='word_1_176' title='bbox 638 2989 882 3046; x_wconf 87' lang='lat' dir='ltr'>matres</span> <span class='ocrx_word' id='word_1_177' title='bbox 949 2989 1017 3044; x_wconf 90' lang='lat' dir='ltr'>et</span> <span class='ocrx_word' id='word_1_178' title='bbox 1079 2989 1303 3068; x_wconf 89' lang='lat' dir='ltr'>patres</span> <span class='ocrx_word' id='word_1_179' title='bbox 1366 2979 1677 3064; x_wconf 76' lang='lat' dir='ltr'>infeliceS,</span> <span class='ocrx_word' id='word_1_180' title='bbox 1746 2983 2096 3069; x_wconf 80' lang='lat' dir='ltr'>praecipue</span> <span class='ocrx_word' id='word_1_181' title='bbox 2164 2983 2386 3048; x_wconf 89' lang='lat' dir='ltr'>media</span> <span class='ocrx_word' id='word_1_182' title='bbox 2472 2980 2796 3046; x_wconf 88' lang='lat' dir='ltr'>sententia</span> 
     </span>
     <span class='ocr_line' id='line_1_24' title="bbox 642 3083 2790 3174; baseline -0.001 -22"><span class='ocrx_word' id='word_1_183' title='bbox 642 3094 918 3174; x_wconf 86' lang='lat' dir='ltr'>propter</span> <span class='ocrx_word' id='word_1_184' title='bbox 965 3083 1516 3174; x_wconf 82' lang='lat' dir='ltr'>elegantissimam</span> <span class='ocrx_word' id='word_1_185' title='bbox 1556 3086 1749 3151; x_wconf 87' lang='lat' dir='ltr'>istam</span> <span class='ocrx_word' id='word_1_186' title='bbox 1782 3087 2146 3174; x_wconf 86' lang='lat' dir='ltr'>jussionem</span> <span class='ocrx_word' id='word_1_187' title='bbox 2206 3085 2626 3174; x_wconf 76' lang='lat' dir='ltr'>suspensa?“</span> <span class='ocrx_word' id='word_1_188' title='bbox 2694 3085 2790 3151; x_wconf 81' lang='lat' dir='ltr'>si-</span> 
     </span>
     <span class='ocr_line' id='line_1_25' title="bbox 641 3191 2790 3279; baseline 0 -24"><span class='ocrx_word' id='word_1_189' title='bbox 641 3191 1008 3279; x_wconf 88' lang='lat' dir='ltr'>militerque</span> <span class='ocrx_word' id='word_1_190' title='bbox 1067 3191 1345 3274; x_wconf 82' lang='lat' dir='ltr'>Barthii,</span> <span class='ocrx_word' id='word_1_191' title='bbox 1403 3193 1589 3279; x_wconf 85' lang='lat' dir='ltr'>cujus</span> <span class='ocrx_word' id='word_1_192' title='bbox 1636 3191 1991 3257; x_wconf 87' lang='lat' dir='ltr'>editionem</span> <span class='ocrx_word' id='word_1_193' title='bbox 2046 3214 2178 3258; x_wconf 91' lang='lat' dir='ltr'>non</span> <span class='ocrx_word' id='word_1_194' title='bbox 2224 3193 2485 3258; x_wconf 85' lang='lat' dir='ltr'>viderat</span> <span class='ocrx_word' id='word_1_195' title='bbox 2546 3191 2790 3270; x_wconf 82' lang='lat' dir='ltr'>(Praef.</span> 
     </span>
     <span class='ocr_line' id='line_1_26' title="bbox 642 3295 2792 3385; baseline 0.001 -25"><span class='ocrx_word' id='word_1_196' title='bbox 642 3320 707 3385; x_wconf 89' lang='lat' dir='ltr'>p.</span> <span class='ocrx_word' id='word_1_197' title='bbox 754 3295 969 3384; x_wconf 85' lang='lat' dir='ltr'>Xlll.),</span> <span class='ocrx_word' id='word_1_198' title='bbox 1039 3298 1300 3362; x_wconf 88' lang='lat' dir='ltr'>nomine</span> <span class='ocrx_word' id='word_1_199' title='bbox 1373 3297 1610 3362; x_wconf 88' lang='lat' dir='ltr'>omisso</span> <span class='ocrx_word' id='word_1_200' title='bbox 1680 3296 2140 3362; x_wconf 83' lang='lat' dir='ltr'>Marklandus:</span> <span class='ocrx_word' id='word_1_201' title='bbox 2211 3298 2557 3382; x_wconf 81' lang='lat' dir='ltr'>„Monstra</span> <span class='ocrx_word' id='word_1_202' title='bbox 2623 3306 2792 3362; x_wconf 86' lang='lat' dir='ltr'>sunt.</span> 
     </span>
     <span class='ocr_line' id='line_1_27' title="bbox 647 3402 2793 3486; baseline 0 -18"><span class='ocrx_word' id='word_1_203' title='bbox 647 3403 993 3486; x_wconf 78' lang='lat' dir='ltr'>Quomodo</span> <span class='ocrx_word' id='word_1_204' title='bbox 1055 3403 1228 3468; x_wconf 89' lang='lat' dir='ltr'>enim</span> <span class='ocrx_word' id='word_1_205' title='bbox 1288 3403 1537 3469; x_wconf 86' lang='lat' dir='ltr'>ferrent</span> <span class='ocrx_word' id='word_1_206' title='bbox 1591 3403 1846 3468; x_wconf 87' lang='lat' dir='ltr'>cineres</span> <span class='ocrx_word' id='word_1_207' title='bbox 1907 3402 2214 3468; x_wconf 76' lang='lat' dir='ltr'>oculis?</span> <span class='ocrx_word' id='word_1_208' title='bbox 2294 3427 2379 3470; x_wconf 80' lang='lat' dir='ltr'>an</span> <span class='ocrx_word' id='word_1_209' title='bbox 2436 3425 2793 3470; x_wconf 83' lang='lat' dir='ltr'>excaecare</span> 
     </span>
     <span class='ocr_line' id='line_1_28' title="bbox 567 3500 2797 3598; baseline 0 -25"><span class='ocrx_word' id='word_1_210' title='bbox 567 3500 573 3506; x_wconf 69' lang='grc'><strong><em>’</em></strong></span> <span class='ocrx_word' id='word_1_211' title='bbox 645 3531 758 3575; x_wconf 90' lang='lat' dir='ltr'>eos</span> <span class='ocrx_word' id='word_1_212' title='bbox 801 3508 1014 3575; x_wconf 87' lang='lat' dir='ltr'>voluit</span> <span class='ocrx_word' id='word_1_213' title='bbox 1058 3509 1351 3576; x_wconf 77' lang='lat' dir='ltr'>Statius?</span> <span class='ocrx_word' id='word_1_214' title='bbox 1409 3509 1745 3575; x_wconf 87' lang='lat' dir='ltr'>cineres</span> <span class='ocrx_word' id='word_1_215' title='bbox 1792 3509 2057 3598; x_wconf 89' lang='lat' dir='ltr'>quidem</span> <span class='ocrx_word' id='word_1_216' title='bbox 2104 3511 2338 3596; x_wconf 88' lang='lat' dir='ltr'>genis</span> <span class='ocrx_word' id='word_1_217' title='bbox 2386 3519 2454 3575; x_wconf 88' lang='lat' dir='ltr'>et</span> <span class='ocrx_word' id='word_1_218' title='bbox 2500 3509 2797 3596; x_wconf 85' lang='lat' dir='ltr'>capiti-</span> 
     </span>
     <span class='ocr_line' id='line_1_29' title="bbox 643 3614 2793 3702; baseline -0 -21"><span class='ocrx_word' id='word_1_219' title='bbox 643 3616 784 3682; x_wconf 84' lang='lat' dir='ltr'>bus</span> <span class='ocrx_word' id='word_1_220' title='bbox 828 3623 1088 3702; x_wconf 84' lang='lat' dir='ltr'>gestare</span> <span class='ocrx_word' id='word_1_221' title='bbox 1133 3614 1360 3681; x_wconf 90' lang='lat' dir='ltr'>solitos</span> <span class='ocrx_word' id='word_1_222' title='bbox 1390 3623 1651 3681; x_wconf 88' lang='lat' dir='ltr'>veteres</span> <span class='ocrx_word' id='word_1_223' title='bbox 1698 3617 1768 3680; x_wconf 90' lang='lat' dir='ltr'>in</span> <span class='ocrx_word' id='word_1_224' title='bbox 1806 3615 2001 3681; x_wconf 90' lang='lat' dir='ltr'>rebus</span> <span class='ocrx_word' id='word_1_225' title='bbox 2042 3615 2357 3682; x_wconf 87' lang='lat' dir='ltr'>luctuosis</span> <span class='ocrx_word' id='word_1_226' title='bbox 2388 3617 2793 3682; x_wconf 87' lang='lat' dir='ltr'>notissimum</span> 
     </span>
     <span class='ocr_line' id='line_1_30' title="bbox 645 3721 2795 3812; baseline -0.001 -24"><span class='ocrx_word' id='word_1_227' title='bbox 645 3731 744 3790; x_wconf 80' lang='lat' dir='ltr'>est</span> <span class='ocrx_word' id='word_1_228' title='bbox 773 3762 863 3772; x_wconf 93' lang='lat'>--</span> <span class='ocrx_word' id='word_1_229' title='bbox 893 3723 1012 3788; x_wconf 88' lang='lat' dir='ltr'>sed</span> <span class='ocrx_word' id='word_1_230' title='bbox 1057 3723 1200 3810; x_wconf 90' lang='lat' dir='ltr'>quis</span> <span class='ocrx_word' id='word_1_231' title='bbox 1246 3745 1534 3812; x_wconf 85' lang='lat' dir='ltr'>unquam</span> <span class='ocrx_word' id='word_1_232' title='bbox 1579 3722 1728 3787; x_wconf 86' lang='lat' dir='ltr'>tulit</span> <span class='ocrx_word' id='word_1_233' title='bbox 1774 3723 2025 3788; x_wconf 85' lang='lat' dir='ltr'>cineres</span> <span class='ocrx_word' id='word_1_234' title='bbox 2071 3723 2338 3789; x_wconf 88' lang='lat' dir='ltr'>oculis</span> <span class='ocrx_word' id='word_1_235' title='bbox 2384 3722 2509 3788; x_wconf 86' lang='lat' dir='ltr'>hac</span> <span class='ocrx_word' id='word_1_236' title='bbox 2556 3721 2795 3786; x_wconf 84' lang='lat' dir='ltr'>occasi·</span> 
     </span>
     <span class='ocr_line' id='line_1_31' title="bbox 645 3827 2797 3916; baseline -0.002 -22"><span class='ocrx_word' id='word_1_237' title='bbox 645 3827 814 3894; x_wconf 80' lang='lat' dir='ltr'>one?</span> <span class='ocrx_word' id='word_1_238' title='bbox 904 3829 1044 3896; x_wconf 87' lang='lat' dir='ltr'>Nec</span> <span class='ocrx_word' id='word_1_239' title='bbox 1086 3828 1320 3896; x_wconf 88' lang='lat' dir='ltr'>melius</span> <span class='ocrx_word' id='word_1_240' title='bbox 1364 3828 1541 3894; x_wconf 90' lang='lat' dir='ltr'>istud</span> <span class='ocrx_word' id='word_1_241' title='bbox 1589 3829 1891 3894; x_wconf 84' lang='lat' dir='ltr'>carmin</span> <span class='ocrx_word' id='word_1_242' title='bbox 1908 3852 1967 3893; x_wconf 88' lang='lat' dir='ltr'>a.</span> <span class='ocrx_word' id='word_1_243' title='bbox 2059 3829 2307 3895; x_wconf 72' lang='lat' dir='ltr'>Poetae</span> <span class='ocrx_word' id='word_1_244' title='bbox 2356 3827 2618 3916; x_wconf 90' lang='lat' dir='ltr'>quidem</span> <span class='ocrx_word' id='word_1_245' title='bbox 2667 3827 2797 3892; x_wconf 90' lang='lat' dir='ltr'>dici</span> 
     </span>
    </p>
   </div>
   <div class='ocr_carea' id='block_1_4' title="bbox 643 3933 2907 4022">
    <p class='ocr_par' dir='ltr' id='par_1_4' title="bbox 643 3933 2907 4022">
     <span class='ocr_line' id='line_1_32' title="bbox 643 3933 2907 4022; baseline -0.002 -23"><span class='ocrx_word' id='word_1_246' title='bbox 643 3942 912 4022; x_wconf 89' lang='lat' dir='ltr'>possent</span> <span class='ocrx_word' id='word_1_247' title='bbox 977 3935 1150 4001; x_wconf 85' lang='lat' dir='ltr'>ferre</span> <span class='ocrx_word' id='word_1_248' title='bbox 1207 3934 1316 4002; x_wconf 86' lang='lat' dir='ltr'>vel</span> <span class='ocrx_word' id='word_1_249' title='bbox 1386 3935 1631 4000; x_wconf 85' lang='lat' dir='ltr'>inferre</span> <span class='ocrx_word' id='word_1_250' title='bbox 1688 3934 1797 4000; x_wconf 88' lang='lat' dir='ltr'>vel</span> <span class='ocrx_word' id='word_1_251' title='bbox 1869 3935 2165 4001; x_wconf 85' lang='lat' dir='ltr'>conferre</span> <span class='ocrx_word' id='word_1_252' title='bbox 2235 3935 2582 4000; x_wconf 85' lang='lat' dir='ltr'>carmina</span> <span class='ocrx_word' id='word_1_253' title='bbox 2641 3933 2794 3997; x_wconf 90' lang='lat' dir='ltr'>ami·</span> <span class='ocrx_word' id='word_1_254' title='bbox 2902 3990 2907 3996; x_wconf 88' lang='lat'>.</span> 
     </span>
    </p>
   </div>
   <div class='ocr_carea' id='block_1_5' title="bbox 647 4039 2831 4444">
    <p class='ocr_par' dir='ltr' id='par_1_5' title="bbox 647 4039 2831 4444">
     <span class='ocr_line' id='line_1_33' title="bbox 647 4039 2831 4120; baseline -0 -17"><span class='ocrx_word' id='word_1_255' title='bbox 647 4060 870 4104; x_wconf 90' lang='lat' dir='ltr'>corum</span> <span class='ocrx_word' id='word_1_256' title='bbox 936 4039 1204 4106; x_wconf 82' lang='lat' dir='ltr'>tumulis</span> <span class='ocrx_word' id='word_1_257' title='bbox 1272 4049 1338 4106; x_wconf 81' lang='lat' dir='ltr'>et</span> <span class='ocrx_word' id='word_1_258' title='bbox 1405 4041 1742 4108; x_wconf 83' lang='lat' dir='ltr'>Manibus:</span> <span class='ocrx_word' id='word_1_259' title='bbox 1816 4041 1931 4106; x_wconf 86' lang='lat' dir='ltr'>sed</span> <span class='ocrx_word' id='word_1_260' title='bbox 1990 4039 2151 4105; x_wconf 89' lang='lat' dir='ltr'>nihil</span> <span class='ocrx_word' id='word_1_261' title='bbox 2206 4041 2331 4106; x_wconf 91' lang='lat' dir='ltr'>hoc</span> <span class='ocrx_word' id='word_1_262' title='bbox 2390 4039 2475 4104; x_wconf 86' lang='lat' dir='ltr'>ad</span> <span class='ocrx_word' id='word_1_263' title='bbox 2530 4047 2831 4120; x_wconf 57' lang='lat' dir='ltr'>matres,&gt;</span> 
     </span>
     <span class='ocr_line' id='line_1_34' title="bbox 647 4139 2798 4233; baseline -0.001 -23"><span class='ocrx_word' id='word_1_264' title='bbox 647 4166 816 4232; x_wconf 82' lang='lat' dir='ltr'>quae</span> <span class='ocrx_word' id='word_1_265' title='bbox 877 4167 1150 4211; x_wconf 82' lang='lat' dir='ltr'>comas</span> <span class='ocrx_word' id='word_1_266' title='bbox 1209 4169 1362 4212; x_wconf 86' lang='lat' dir='ltr'>suas</span> <span class='ocrx_word' id='word_1_267' title='bbox 1417 4155 1486 4211; x_wconf 89' lang='lat' dir='ltr'>et</span> <span class='ocrx_word' id='word_1_268' title='bbox 1541 4147 1753 4212; x_wconf 83' lang='lat' dir='ltr'>dona</span> <span class='ocrx_word' id='word_1_269' title='bbox 1812 4146 1984 4211; x_wconf 84' lang='lat' dir='ltr'>ferre</span> <span class='ocrx_word' id='word_1_270' title='bbox 2047 4155 2115 4210; x_wconf 90' lang='lat' dir='ltr'>et</span> <span class='ocrx_word' id='word_1_271' title='bbox 2171 4139 2437 4233; x_wconf 79' lang='lat' dir='ltr'>injicere</span> <span class='ocrx_word' id='word_1_272' title='bbox 2501 4142 2798 4209; x_wconf 83' lang='lat' dir='ltr'>solebant</span> 
     </span>
     <span class='ocr_line' id='line_1_35' title="bbox 649 4251 2794 4339; baseline -0.002 -24"><span class='ocrx_word' id='word_1_273' title='bbox 649 4252 886 4339; x_wconf 84' lang='lat' dir='ltr'>pyris</span> <span class='ocrx_word' id='word_1_274' title='bbox 934 4251 1338 4334; x_wconf 79' lang='lat' dir='ltr'>ardentibus,</span> <span class='ocrx_word' id='word_1_275' title='bbox 1382 4274 1518 4316; x_wconf 89' lang='lat' dir='ltr'>non</span> <span class='ocrx_word' id='word_1_276' title='bbox 1563 4251 1941 4316; x_wconf 85' lang='lat' dir='ltr'>carmina.</span> <span class='ocrx_word' id='word_1_277' title='bbox 2012 4251 2237 4316; x_wconf 88' lang='lat' dir='ltr'>Habes</span> <span class='ocrx_word' id='word_1_278' title='bbox 2257 4253 2397 4339; x_wconf 78' lang='lat' dir='ltr'>jam</span> <span class='ocrx_word' id='word_1_279' title='bbox 2429 4251 2794 4314; x_wconf 81' lang='lat' dir='ltr'>veritatem:</span> 
     </span>
     <span class='ocr_line' id='line_1_36' title="bbox 654 4355 2796 4444; baseline -0.001 -22"><span class='ocrx_word' id='word_1_280' title='bbox 654 4357 1082 4444; x_wconf 86' lang='lat' dir='ltr'>crinesque</span> <span class='ocrx_word' id='word_1_281' title='bbox 1143 4357 1365 4443; x_wconf 87' lang='lat' dir='ltr'>rogis</span> <span class='ocrx_word' id='word_1_282' title='bbox 1420 4366 1487 4422; x_wconf 91' lang='lat' dir='ltr'>et</span> <span class='ocrx_word' id='word_1_283' title='bbox 1530 4379 1803 4422; x_wconf 87' lang='lat' dir='ltr'>munera</span> <span class='ocrx_word' id='word_1_284' title='bbox 1846 4357 2035 4422; x_wconf 85' lang='lat' dir='ltr'>ferte.</span> <span class='ocrx_word' id='word_1_285' title='bbox 2126 4355 2305 4422; x_wconf 88' lang='lat' dir='ltr'>Nihil</span> <span class='ocrx_word' id='word_1_286' title='bbox 2350 4357 2591 4421; x_wconf 87' lang='lat' dir='ltr'>certius</span> <span class='ocrx_word' id='word_1_287' title='bbox 2635 4363 2796 4443; x_wconf 90' lang='lat' dir='ltr'>puto</span> 
     </span>
    </p>
   </div>
  </div>
 </body>
</html>
