3234 4967
638 346 735 397 162
1513 340 1802 405 Oonject.
1836 342 1908 396 11.

637 518 691 565 in
724 514 1096 579 Penelopae
1122 512 1623 579 Alcestidisque
1660 519 1714 563 et
1734 508 2042 564 Euadnes
2079 514 2368 566 societatem
2393 514 2782 564 adscriberetur.

637 600 820 665 Itaque
858 615 1009 663 spero
1048 606 1099 649 et
1132 598 1333 649 confido
1371 598 1593 649 futurum
1639 614 1768 659 esse,
1803 606 1860 649 ut
1894 601 2158 660 volumu83
2196 599 2489 651 laudabitur
2522 599 2784 664 plerisque

645 694 695 737 et
728 685 1025 750 probabitur
1058 685 1155 733 hoc
1192 684 1367 733 ordine
1404 683 1640 734 consulta
1683 692 1736 733 et
1771 686 2030 747 exquisita
2073 700 2153 735 res
2189 686 2546 750 videbiturque
2579 684 2783 735 Laoda-

638 771 765 831 mia,
823 784 955 834 quae
1007 768 1293 819 Protesilao
1338 776 1501 833 nupta
1532 766 1869 835 Phylacen
1921 777 1972 820 et
2008 770 2302 820 Phthiam
2344 769 2558 820 incoluit
2594 767 2784 833 (Olear.

638 854 878 905 Philoslr.
926 852 1052 903 Her.
1089 868 1138 918 p.
1165 854 1280 905 666.
1326 854 1522 904 Hemst.
1568 853 1785 907 Lucian.
1823 855 1960 909 Dial.
1998 856 2156 905 Mort.
2195 856 2276 916 23,
2315 857 2342 905 1
2382 871 2432 920 p.
2469 856 2594 919 520,
2641 854 2784 917 cujus

640 939 923 990 doctrinam
960 954 1057 988 nec
1094 940 1413 989 Burmannus
1449 939 1605 1005 Prop.
1630 939 1672 990 1.
1701 942 1782 999 19,
1807 942 1838 990 7
1873 956 1923 1007 Ρ.
1947 943 2012 990 17
2049 941 2218 1005 attigit
2252 955 2349 990 nec
2377 940 2620 991 Staverus
2646 938 2784 1003 Hyg.

644 1026 741 1075 104
777 1041 827 1089 p.
870 1026 978 1074 192.
1012 1024 1129 1073 add.
1168 1020 1341 1073 Schol.
1378 1023 1574 1073 Lucan.
1613 1025 1709 1075 VI.
1744 1026 1842 1075 352
1879 1041 1927 1089 p
1953 1027 2079 1077 451:
2117 1026 2376 1091 „Phylace
2411 1026 2609 1084 civitas,
2643 1024 2786 1072 unde

638 1109 737 1161 fuit
767 1108 1128 1163 Protesilaus“
1176 1108 1453 1173 Vcrpoort.
1480 1107 1577 1159 Ovi
1582 1111 1632 1159 (1.
1659 1109 1810 1159 Trist.
1847 1110 1915 1159 V.
1937 1113 2016 1168 14.
2045 1112 2112 1161 39
2136 1127 2184 1176 Ρ.
2213 1114 2330 1161 281.
2368 1110 2541 1163 Schol.
2567 1109 2786 1159 Theocr.

640 1194 740 1244 111.
766 1195 833 1243 43
869 1209 919 1258 p.
950 1194 1063 1254 150,
1087 1195 1147 1244 4:
1178 1184 1369 1259 Ὄθρυς
1406 1188 1517 1261 ὄρος
1554 1186 1840 1255 Θεσσαλίας,
1879 1190 1930 1244 ἐν
1967 1192 2010 1267 ᾧ
2039 1192 2180 1252 πόλις
2215 1194 2250 1265 ἠ
2283 1188 2534 1261 Φυλάκη),
2569 1194 2784 1245 aStatio

645 1280 782 1329 dicta
818 1276 974 1329 fuisse
1010 1278 1413 1328 Perrhaeba.

900 1363 1095 1425 Questa
1131 1370 1207 1413 est
1242 1379 1296 1413 se
1332 1362 1517 1425 Pelias,
1556 1370 1740 1429 questa
1774 1373 1854 1416 est
1888 1306 2267 1416 Perrhaeba
2302 1366 2536 1431 relinqui.

783 1449 885 1512 Qui
922 1448 1055 1499 enim
1091 1448 1312 1509 Pheras,
1360 1462 1488 1511 quas
1522 1448 1830 1499 illuminavit
1861 1450 2102 1513 Alcestis,
2145 1451 2448 1502 Thessaliae
2483 1466 2594 1502 esse
2631 1453 2787 1516 scrip-

646 1538 711 1587 sit
743 1536 809 1587 N.
848 1531 921 1585 H.
958 1534 1055 1585 IV.
1078 1537 1125 1596 8,
1148 1535 1211 1583 15
1247 1550 1299 1599 Ρ.
1319 1534 1419 1583 283
1455 1532 1654 1584 Plinius
1690 1535 1742 1584 in
1779 1534 2049 1599 Magnesia
2085 1536 2384 1587 Thessaliae
2421 1538 2622 1587 adnexa
2649 1538 2697 1596 9,
2726 1537 2788 1585 16

642 1639 690 1687 p.
714 1622 813 1672 285
851 1620 971 1670 dicit
994 1620 1117 1669 sitas
1142 1634 1251 1669 esse
1274 1619 1413 1683 ipsas
1440 1633 1526 1667 eae
1550 1620 1702 1670 urbes
1729 1617 1809 1686 (nt
1827 1621 2156 1681 Meliboeam,
2179 1621 2461 1687 Phylacen,
2482 1620 2789 1687 Gyrtonen),

646 1722 771 1771 quas
826 1705 1029 1770 plurimi
1083 1704 1311 1754 referunt
1347 1698 1760 1755 Perrhaeborum
1814 1705 1970 1757 fuisse
2017 1707 2120 1757 vid.
2158 1705 2321 1759 Theb.
2359 1705 2541 1757 Parad.
2584 1723 2633 1771 p.
2671 1708 2789 1758 351.

557 1866 558 1869 Ἴ
642 1792 721 1843 Ut
756 1791 915 1855 magis
953 1790 1161 1841 definite
1196 1789 1537 1851 distincteque
1572 1790 1908 1840 Laodamiam
1947 1791 2217 1855 designare
2253 1791 2500 1853 videatur,
2544 1792 2631 1855 qni
2667 1792 2789 1841 Per-

646 1876 918 1935 rhaebam,
976 1888 1128 1939 quam
1174 1874 1261 1937 qui
1298 1874 1754 1925 Haemonidem
1801 1874 2058 1941 appellat,
2113 1876 2374 1940 Josephua
2419 1872 2520 1928 Isc.
2557 1877 2626 1928 V.
2667 1879 2791 1927 1972

642 1960 1035 2021 „Haemonis
1072 1959 1337 2009 absentem
1362 1959 1581 2024 suspirat
1605 1970 1800 2011 maesta
1825 1962 2090 2012 maritum“
2125 1969 2374 2025 sequutus
2405 1960 2640 2013 Ovidium
2667 1963 2789 2013 Her.

596 2038 601 2041 ¹
642 2046 795 2098 XIII.
834 2046 882 2105 2,
920 2045 1007 2108 qui
1042 2045 1176 2094 idem
1212 2044 1445 2095 similiter
1480 2044 1884 2095 Andromachen
1921 2046 2201 2111 appellavit
2233 2046 2608 2096 Thebanam
2633 2047 2790 2100 Trist.

642 2132 739 2186 IV.
778 2133 825 2192 3,
862 2133 943 2192 29,
997 2131 1133 2193 quod
1176 2130 1263 2194 qui
1296 2130 1603 2194 vituperavit
1637 2129 1960 2181 Schraderus
1995 2148 2076 2197 ap.
2113 2131 2334 2182 Merkel.
2379 2148 2431 2197 p.
2469 2132 2568 2181 233
2615 2132 2790 2181 imme-

644 2234 755 2269 mor
788 2217 885 2267 fuit
925 2212 1041 2265 Art.
1082 2214 1200 2267 Am.
1231 2213 1330 2265 111.
1369 2216 1493 2265 778:
1549 2215 1834 2265 Thebais
1873 2216 2131 2269 Hectoreo
2167 2224 2328 2283 nupta
2368 2218 2555 2267 resedit
2611 2216 2791 2280 equ0.“

642 2304 780 2353 Fieri
834 2309 1029 2363 autem,
1084 2301 1223 2364 quod
1259 2300 1534 2365 jussimus,
1588 2308 1834 2351 excusate
1875 2302 2093 2367 intelligi
2137 2303 2338 2352 videtur
2389 2302 2628 2367 exemplo
2670 2302 2791 2351 Pal-

643 2390 785 2439 merii
821 2387 1066 2438 Exercitt.
1104 2402 1153 2451 p.
1193 2387 1293 2435 523
1337 2394 1388 2434 et
1422 2384 1698 2436 Schraderi
1737 2386 1988 2442 Emendd.
2026 2388 2084 2437 11
2117 2403 2167 2453 p.
2208 2390 2273 2439 25
2329 2386 2600 2439 Athenaeo
2635 2386 2792 2438 XIII.

642 2492 692 2541 p.
732 2474 913 2525 557A
978 2487 1073 2538 pro
1127 2470 1450 2521 Meliboea
1501 2471 1882 2522 Periboeam
1939 2473 2282 2533 reddentium,
2340 2474 2395 2522 in
2455 2487 2582 2536 quos
2637 2488 2791 2537 quum

644 2559 1062 2610 subscribendum
1116 2557 1181 2605 ait
1233 2556 1454 2621 Bergkio
1495 2556 1690 2611 Anacr.
1724 2573 1774 2621 p.
1814 2558 1914 2609 260
1966 2558 2101 2609 conf.
2145 2558 2312 2608 Theb.
2359 2556 2548 2612 Parad.
2583 2574 2634 2623 p.
2671 2559 2791 2619 453,

645 2646 779 2695 illud
816 2646 983 2694 tamen
1030 2644 1231 2691 constat
1276 2649 1327 2691 et
1371 2642 1836 2706 frequentissimam
1885 2658 1995 2693 esse
2040 2643 2322 2694 litterarum
2359 2660 2397 2710 μ
2434 2651 2486 2693 et
2519 2660 2555 2693 π
2590 2639 2792 2706 (Schol.

562 2790 572 2797 ⁴
645 2730 781 2780 Plat.
818 2728 982 2793 Legg.
1024 2727 1131 2778 VII
1166 2743 1214 2792 p.
1251 2730 1351 2778 452
1382 2720 1609 2795 ''Ay-uzo<
1646 2755 1710 2764 —
1747 2720 1978 2784 Μελίας.
2015 2730 2125 2783 cod.·
2163 2720 2381 2783 Πελίας.
2415 2729 2577 2781 Theb.
2604 2728 2792 2780 Parad.

644 2815 715 2866 ΙΙ.
754 2818 783 2864 7
820 2832 869 2880 p.
907 2816 1022 2865 235.
1078 2806 1285 2879 Πηνειός
1318 2804 1507 2879 Μηνιός
1525 2812 1593 2867 Π,
1623 2815 1654 2863 3
1691 2829 1739 2878 p.
1763 2816 1878 2863 127.
1915 2825 2168 2880 poenas:
2206 2828 2404 2864 manns
2427 2812 2638 2866 Eumen.
2663 2812 2792 2865 Pan.

650 2902 695 2961 7,
736 2903 763 2949 1
802 2898 822 2963 )
878 2906 931 2948 et
974 2914 1001 2947 r
1044 2900 1097 2947 et
1143 2897 1161 2946 l
1210 2896 1389 2961 (Valg.
1428 2898 1553 2961 506)
1608 2898 1673 2949 de
1715 2898 1832 2949 loco
1879 2900 2261 2949 contentionem
2307 2906 2358 2949 et
2403 2892 2700 2966 Περραιβίαν
2741 2898 2793 2947 in

611 2985 761 3039 ‚aliis
798 2984 923 3034 locis
959 2985 1014 3033 in
1050 2976 1342 3049 Εὐβοίαν,
1396 2983 1449 3033 in
1502 2983 1614 3033 aliis
1668 2984 1722 3033 in
1774 2977 2125 3053 Περέβοιαν,
2162 2976 2538 3052 Περραίβοιαν
2579 2983 2793 3035 vertisse

646 3077 762 3135 post
794 3068 1231 3121 Hems'terhusium
1258 3068 1429 3120 Schol.
1458 3070 1725 3135 Aristoph.
1761 3068 1898 3123 Plut.
1935 3087 1984 3136 p.
2008 3073 2106 3121 115
2144 3085 2238 3120 nos
2264 3070 2594 3121 indicavimus
2625 3070 2793 3121 Theb.

646 3156 835 3206 Parad.
870 3170 919 3219 p.
948 3156 1049 3205 350
1068 3169 1142 3218 sq.

1655 3384 1782 3469 ΙΙ.

784 3564 1165 3628 Ejusdemmodi
1200 3564 1371 3615 locum
1408 3564 1642 3628 adjiciam
1681 3564 1848 3614 Theb.
1883 3563 2009 3612 XIl.
2049 3563 2172 3615 510:

1635 3665 1758 3699 mox
1793 3649 2000 3713 hospita
2034 3650 2184 3699 sedes

1058 3734 1202 3785 Vicit
1238 3742 1292 3785 et
1328 3722 1822 3801 Oedipodae'furias
1860 3741 1914 3785 et
1946 3733 2100 3785 funus
2136 3732 2416 3799 Olynthi

1061 3821 1215 3871 Texit
1252 3827 1303 3870 et
1336 3836 1369 3869 a
1402 3820 1589 3871 misero
1627 3826 1836 3885 matrem
1873 3820 2130 3871 submovit
2165 3818 2361 3881 Oreste,

651 3922 803 3973 quem
840 3907 1108 3975 praeclaro
1145 3906 1376 3957 instituto
1415 3906 1478 3954 de
1513 3900 1607 3954 illa
1645 3904 1978 3956 Clementiae
2015 3920 2104 3955 ara
2157 3920 2189 3953 a
2234 3907 2393 3970 poeta
2427 3904 2670 3969 scriptum
2719 3905 2794 3954 in·

651 3994 784 4057 signi
822 3992 1145 4043 librariorum
1182 3992 1371 4055 flagitio
1408 3992 1742 4055 depravatum
1781 4006 1890 4042 esse
1925 4006 2074 4040 nemo
2111 3986 2286 4040 adhuc
2322 3991 2486 4044 evicit.
2515 3996 2518 4001 '
2549 3988 2795 4041 Nimirum

652 4091 825 4126 omnes
861 4076 1183 4126 crediderunt
1206 4076 1491 4137 Lactantio,
1528 4076 1672 4141 cujus
1706 4077 1834 4129 haec
1866 4077 2111 4140 leguntur
2136 4076 2314 4127 verba:
2352 4074 2546 4140 „Olyn
2561 4076 2704 4125 thus
2732 4102 2792 4111 —

652 4176 707 4211 se
744 4162 1035 4213 auctoribus
1074 4163 1339 4214 Lasthene
1376 4170 1427 4213 et
1445 4162 1762 4228 Euthycrate
1782 4164 2023 4230 Philippo
2059 4163 2279 4223 tradidit,
2317 4162 2384 4213 ob
2409 4175 2567 4226 quam
2593 4161 2795 4227 culpam

654 4247 851 4313 placuit
868 4245 1267 4301 Atheniensibus
1304 4256 1533 4301 evertere
1570 4250 1843 4311 civitatem,
1881 4264 1984 4313 quo
2022 4255 2283 4315 comperto
2320 4248 2386 4297 ad
2423 4262 2560 4298 aram
2597 4247 2796 4297 miseri-

654 4335 858 4389 cordiae
892 4332 1278 4405 coufngerunt.“
1334 4335 1482 4398 Quae
1518 4337 1676 4387 rerba
1714 4332 1944 4403 (temere,
1981 4338 2038 4387 ut
2078 4334 2204 4385 aliae
2238 4333 2546 4395 docebimus,
2584 4332 2796 4384 vetustis
