3234 4967
734 423 741 430 ”
1324 424 1610 490 Conject.
1647 426 1744 478 XI.
2499 428 2596 481 ’199

726 508 824 580 112,
846 505 886 553 to
902 488 1006 555 δι’·

408 559 517 851 kp.
540 600 606 648 84
642 600 703 647 ‹le
742 614 886 649 versu
908 592 949 661 2⁰
974 599 1047 647 sic
1084 596 1417 648 existimanti:
1460 599 1670 661 „Malim
1709 599 2059 663 lugendoque
2097 602 2274 651 modos
2300 602 2347 649 id
2375 609 2452 652 est
2475 610 2598 651 tem-

470 700 563 747 pus
602 684 803 733 brevius
830 685 911 733 vel
936 684 1141 746 longius
1175 684 1375 731 finiendi
1414 681 1611 733 luctus“
1655 684 1922 745 quominus
1959 685 2221 744 assentiar,
2258 687 2494 749 prohibet
2521 688 2596 737 vel

470 767 693 831 Eclogae
744 776 997 817 extremae
1049 782 1214 817 versus
1253 769 1344 817 60:
1400 768 1566 817 dicere
1612 768 1777 831 legem
1817 764 2047 819 Fletibus
2092 778 2180 817 aut
2231 770 2394 819 fines
2450 773 2600 821 audet

470 868 675 902 censere
714 854 747 901 <1
762 854 863 901 ole
878 854 951 901 nd
966 851 1027 903 i.“

1452 1182 1621 1268 XI.

602 1366 891 1415 Reddamus
922 1365 1043 1427 jam,
1082 1379 1212 1428 quae
1250 1364 1425 1413 adnot.
1465 1362 1644 1427 Eclog.
1683 1380 1726 1413 v.
1767 1366 1832 1415 34
1870 1366 2206 1429 promisimus,
2265 1366 2412 1427 Quod
2463 1370 2593 1417 enim

466 1453 516 1500 in
564 1450 725 1505 Theb,
764 1452 833 1503 V.
868 1452 991 1499 606.
1048 1433 1513 1497 ωηάεωῆΐῖἶῖιῐει·
1550 1450 1772 1499 dolore
1822 1451 1942 1500 Vox
1985 1452 2178 1513 invenit
2216 1452 2348 1502 itcr“
2404 1454 2599 1517 legitur,

466 1551 625 1601 prave
663 1536 974 1584 correctione
1010 1530 1131 1583 hac:
1182 1532 1403 1583 dolori“
1446 1537 1509 1583 ab
1548 1536 1758 1585 Heinsio
1797 1534 1943 1589 Ovid,
1981 1535 2102 1584 Her.
2139 1536 2258 1587 XV.
2302 1540 2394 1587 113
2441 1547 2599 1587 atten-

468 1630 625 1669 tatum
665 1635 777 1669 csse
814 1635 911 1669 nec
949 1622 1295 1669 Bul-mannum
1331 1620 1380 1667 in
1420 1620 1565 1683 Virg.
1602 1620 1730 1670 Aen.
1769 1622 1864 1671 XI.
1903 1624 2022 1672 151:
2061 1622 2127 1670 Et
2163 1624 2242 1671 via
2277 1625 2364 1676 vix
2401 1626 2599 1673 tandem

470 1708 581 1754 voci
617 1707 837 1755 laxata
873 1706 1095 1754 dolore
1130 1704 1234 1755 est“
1277 1706 1476 1753 videtur
1500 1702 1694 1768 fugisse
1720 1722 1767 1770 p.
1791 1708 1887 1755 611
1919 1716 1972 1755 et
1994 1707 2291 1771 intelligitur
2318 1722 2384 1759 ex
2413 1710 2600 1761 Justini

468 1792 705 1856 exemplo
741 1790 911 1840 XLII.
950 1793 998 1851 4,
1041 1791 1131 1839 13:
1182 1790 1266 1839 ubi
1304 1790 1493 1849 dolor
1527 1806 1603 1841 vo
1621 1806 1746 1841 cem
1783 1792 2168 1842 laxaverat“
2215 1803 2266 1843 et
2303 1794 2599 1856 Quintiliani
2700 1816 2710 1825 ·

466 1878 617 1928 Decl.
656 1875 808 1929 XIX.
850 1879 877 1925 7
916 1892 963 1941 p.
1003 1876 1129 1925 369:
1180 1875 1412 1925 evolvere
1437 1861 1695 1938 animum,
1736 1892 1885 1939 quem
1921 1892 2072 1941 super
2107 1893 2198 1927 sua
2233 1888 2428 1929 secreta
2463 1897 2599 1931 com-

464 1965 683 2029 positum
719 1978 824 2012 non
862 1961 1075 2020 laetitia,
1110 1976 1211 2010 non
1247 1962 1457 2023 dolor,
1494 1977 1599 2011 non
1639 1956 1928 2022 necessitaS‚
1966 1978 2068 2011 non
2093 1961 2299 2015 fortuna
2332 1965 2599 2015 laxave-

465 2048 655 2098 runt.“
715 2048 943 2107 Quorum
982 2046 1175 2095 nullam
1212 2046 1460 2097 rationem
1496 2048 1678 2097 habuit
1713 2048 2098 2112 Peerlkampius
2119 2042 2264 2112 Virg.
2284 2049 2320 2101 1.
2341 2042 2388 2100 d.
2413 2066 2463 2115 p.
2484 2052 2599 2102 319.

600 2133 852 2193 Quoniam
879 2140 1050 2181 autem
1088 2132 1121 2181 1.
1142 2132 1189 2181 d.
1226 2131 1381 2181 verbo
1420 2128 1742 2181 laudandi
1779 2133 1987 2183 verbum
2024 2133 2291 2183 laxandi
2329 2136 2600 2187 succedere

458 2218 712 2281 jussimn8‚
751 2218 871 2266 licet
900 2218 1003 2279 jam
1041 2225 1161 2281 post
1198 2224 1509 2267 contestatus
1548 2218 1788 2267 similium
1815 2219 2080 2267 verborum
2114 2221 2458 2271 contentiones
2482 2238 2599 2285 pro·

469 2304 611 2366 gredi
650 2305 713 2351 ad
751 2310 1101 2352 controversos
1138 2302 1335 2365 aliquot
1382 2301 1525 2351 locos
1570 2304 1823 2367 praesenti
1873 2304 2068 2353 auxilio
2117 2305 2430 2355 reficiendos.
2503 2306 2600 2355 Re-

468 2390 770 2437 miniscimur
806 2398 973 2437 autem
1022 2390 1225 2453 saepius
1273 2388 1524 2451 permixta
1570 2390 1726 2439 verba
1773 2399 1877 2439 tum
1927 2390 2234 2439 laudandi
2272 2389 2446 2453 (Ovid.
2484 2392 2600 2441 Art.

466 2476 591 2525 Am.
640 2475 681 2523 1.
722 2475 817 2523 741
868 2474 1131 2522 laudare
1178 2473 1355 2524 sodali.
1428 2474 1606 2524 Petav.
1647 2475 1917 2537 jactare.
1991 2474 2164 2525 Heius.
2213 2475 2484 2529 Claudian.
2520 2476 2600 2526 VI
2703 2508 2709 2523 ,ι

466 2560 622 2611 cons,
660 2560 794 2611 Hon.
832 2560 929 2609 397
968 2576 1015 2624 p.
1042 2560 1163 2622 496)
1200 2560 1282 2607 vel
1321 2559 1610 2609 laetandi
1651 2558 1837 2622 (Drak.
1877 2560 1986 2611 Liv.
2024 2560 2092 2611 X.
2136 2564 2211 2621 16,
2250 2562 2280 2611 6
2315 2578 2365 2626 p.
2401 2564 2496 2611 122
2535 2561 2597 2613 cf.

466 2644 555 2694 Sil.
594 2644 685 2697 IV.
726 2646 823 2695 635
856 2645 1054 2706 jacto.
1128 2643 1312 2695 Colon.
1359 2643 1519 2709 leto)
1565 2660 1624 2694 sc
1666 2646 1994 2708 jactandi,
2049 2655 2151 2697 tum
2199 2648 2494 2709 jactandi
2551 2655 2601 2697 et

467 2729 757 2778 lactandi
798 2726 977 2792 (Gron.
1018 2730 1161 2779 Obss.
1199 2731 1343 2779 Eocl.
1380 2730 1569 2779 XXIV
1586 2746 1634 2794 p,
1663 2732 1778 2795 268,
1819 2733 1954 2793 quod
1979 2732 2142 2795 ipsum
2169 2747 2282 2781 cum
2318 2734 2424 2793 illo,
2463 2734 2596 2796 quod

468 2815 618 2865 modo
655 2814 943 2875 attulimuS,
992 2816 1145 2864 verbo
1183 2817 1483 2866 laetandi
1522 2817 1895 2866 contentionem
1935 2818 1998 2867 de
2037 2818 2149 2866 loco
2188 2819 2373 2867 babere
2417 2820 2601 2867 docent

466 2899 688 2949 Lucretii
727 2899 841 2948 libri
878 2900 944 2949 V.
984 2902 1107 2949 885.
1158 2902 1314 2950 ubera
1351 2928 1411 2937 -
1450 2902 1794 2951 lactantia.
1843 2903 1988 2952 codd.
2037 2903 2314 2952 laetantia
2361 2912 2412 2953 et
2449 2902 2594 2968 Sym-

467 2985 632 3035 machi
672 2984 736 3035 V.
778 2988 857 3036 10.
895 2984 991 3034 IX.
1030 2987 1093 3035 62
1132 2985 1191 3037 cf.
1234 2986 1397 3036 Juret.
1433 3004 1479 3051 p.
1522 2989 1635 3037 169.
1707 2986 1898 3037 Parcus
1936 3004 1984 3051 p.
2022 2988 2170 3051 356),
2221 2990 2479 3049 laxandi,
2535 2990 2598 3037 de

466 3087 565 3133 quo
602 3071 755 3134 paulo
797 3068 1009 3120 inferius
1056 3072 1271 3133 dicetur,
1319 3072 1590 3121 luctandi
1629 3070 1744 3133 (Sil.
1783 3072 1849 3125 V.
1889 3074 2002 3123 506.
2083 3074 2257 3125 Burm.
2297 3074 2490 3123 Lucan.
2529 3074 2597 3125 V.

460 3158 557 3205 421
597 3172 643 3220 p.
684 3152 823 3221 340),
862 3156 1154 3205 latrandi
1192 3154 1341 3217 (Stat.
1378 3156 1542 3207 Theb.
1580 3156 1650 3207 11.
1689 3159 1812 3209 338:
1861 3174 2070 3222 magnas
2115 3160 2435 3208 latrantia
2481 3174 2596 3223 pec-

466 3251 579 3289 tora
617 3239 809 3290 curas.“
852 3242 997 3293 codd.
1030 3241 1378 3307 jactantia,
1440 3244 1624 3305 quibus
1663 3244 1830 3294 verbis
1865 3260 1958 3293 nec
1995 3245 2056 3305 ii,
2115 3260 2239 3309 quos
2277 3245 2596 3295 Burmannus

464 3325 671 3374 Petron.
712 3328 823 3384 119,
844 3326 906 3376 55
928 3342 973 3390 p.
998 3328 1093 3375 731
1132 3336 1507 3386 commemorat,
1544 3344 1636 3378 noc
1675 3329 1982 3395 posteriores
2019 3331 2157 3379 docti
2189 3330 2390 3393 Virgilii
2428 3331 2596 3381 locum

466 3407 600 3461 Aen.
626 3410 668 3459 1.
696 3411 821 3459 227:
858 3410 983 3459 tales
1014 3410 1370 3473 jactantem
1409 3424 1673 3479 pectore
1710 3414 1952 3475 curae,“
1993 3417 2174 3465 nedum
2201 3414 2480 3481 Corippum
2511 3417 2594 3471 JO.

466 3495 562 3546 111.
593 3499 647 3545 lt
684 3495 758 3544 At
794 3490 939 3543 duris
975 3496 1145 3545 invicti
1175 3498 1522 3560 jactabant
1558 3508 1827 3566 pectora
1861 3502 2089 3550 curae‘²
2128 3501 2468 3551 adhibendum
2504 3518 2598 3567 pu·

464 3590 632 3631 tarunt
669 3580 732 3631 cf.
771 3570 1007 3643 Conject.
1046 3580 1166 3646 IX),
1204 3594 1307 3633 tum
1340 3584 1642 3648 jactandi
1684 3596 1733 3635 et
1771 3586 2109 3637 tractandi
2145 3585 2330 3650 (Theb.
2357 3588 2598 3639 1X.796:

456 3666 829 3729 jactavimus
866 3666 1053 3716 hastas.
1092 3669 1239 3718 codd.
1279 3671 1452 3735 optim.
1493 3672 1666 3720 Barth.
1704 3690 1751 3736 p.
1793 3674 1922 3722 1088
1962 3673 2359 3723 tractavimus
2421 3672 2596 3724 Burm.

463 3751 751 3801 Nemesisn.
788 3752 899 3806 Ecl.
938 3752 979 3803 Ι.
1020 3756 1083 3803 70
1118 3770 1167 3818 p.
1206 3757 1320 3805 479.
1395 3755 1641 3807 Buenem.
1679 3756 1822 3807 Lact.
1862 3758 1982 3810 Inst.
2019 3758 2062 3808 I.
2099 3760 2176 3818 15,
2216 3760 2246 3807 2
2283 3774 2329 3823 p.
2353 3760 2444 3820 933
2481 3775 2596 3809 nam

464 3838 639 3887 omitto
674 3838 756 3887 hic
793 3834 959 3887 Theb.
1000 3838 1064 3889 V.
1104 3840 1194 3889 67:
1243 3840 1513 3893 Tartareas
1554 3868 1613 3878 -—
1665 3843 1902 3893 volitasse
1947 3844 2178 3893 volucres
2214 3843 2592 3907 Vulgarent.

460 3922 666 3973 Monac.
702 3923 1044 3972 Jactarent
1080 3926 1141 3973 cf.
1181 3926 1277 3995 IV.
1317 3928 1443 3980 296:
1500 3926 1756 3977 Herculeo
1804 3928 2102 3993 vulgatos
2145 3929 2326 3979 robore
2373 3940 2590 3982 monteS.

461 4005 626 4056 Oxou.
666 4006 801 4071 (Sin.
837 4009 917 4057 IX
971 4026 1019 4073 p.
1059 4008 1183 4073 185)
1211 4012 1579 4074 miseratOS,
1619 4015 1754 4077 quod
1791 4013 1945 4063 fuisse
1983 4008 2182 4063 ridetur
2218 4016 2484 4066 miratos
2523 4016 2593 4065 sic

460 4093 703 4156 positum,
757 4102 813 4141 ut
859 4095 921 4143 ab
977 4094 1211 4145 Juvenco
1260 4098 1355 4146 111.
1414 4102 1476 4149 58
1525 4116 1573 4163 p.
1621 4102 1738 4150 488.
1789 4095 1833 4148 Β
1884 4108 1932 4147 et
1987 4096 2208 4165 Corippo
2258 4100 2319 4153 cf.
2377 4100 2594 4164 Foggin.

448 4176 520 4244 ¹L.
562 4178 753 4229 Justin.
790 4178 883 4229 IV.
922 4182 985 4231 85
1022 4198 1071 4245 p.
1106 4184 1223 4233 441.
1274 4183 1391 4233 Jam
1439 4184 1694 4235 absolvam
1741 4186 1954 4249 primum
2004 4186 2066 4233 de
2103 4183 2274 4235 Ciris
2320 4200 2464 4235 versu
2503 4188 2592 4237 86:

765 4264 945 4326 Quam,
982 4267 1119 4315 mala
1157 4267 1419 4331 multiplici
1453 4269 1698 4331 juvenum
1738 4272 1870 4332 quod
1909 4280 2053 4335 septa
2093 4280 2295 4319 caterva

763 4350 983 4400 Dixerat
1018 4363 1169 4417 atquc
1208 4353 1378 4402 animo
1417 4354 1658 4403 meret-rix
1688 4353 1884 4415 jactata
1919 4354 2152 4415 ferarum,

764 4420 1006 4487 Infamem
1044 4441 1138 4489 tali
1174 4440 1349 4488 merit-o
1388 4454 1585 4488 rumore
1624 4438 1794 4488 fuisse.
