3234 4967
1340 361 1571 419 Adnot.
1608 366 1692 419 70.
2479 366 2598 430 lll

456 552 616 617 293:
663 553 1097 634 „vinctum
1147 552 1417 637 Fasciis,
1450 564 1522 620 ut
1553 576 1784 621 recens
1815 558 2106 621 natun1.“
2181 555 2310 619 Hic
2341 576 2598 645 quoque

448 680 845 747 magnopere
896 658 1199 723 desidero
1250 658 1772 726 doctissimorum
1803 660 2138 725 hominum
2184 660 2600 748 prudentiam

450 773 516 833 et
573 786 865 829 acumen.
932 764 1107 849 Quid
1156 766 1373 831 enim?
1434 776 1698 832 rectene
1762 775 1826 831 et
1888 766 2115 833 ordine
2173 768 2417 833 factum
2479 777 2597 853 est,

450 880 521 933 ut
567 872 891 937 vinctus
939 872 1151 937 infans
1196 871 1531 937 diceretur
1590 860 1772 938 nulla
1826 877 2157 939 mentione
2207 872 2434 941 addita
2481 884 2595 939 aut

450 998 897 1064 pannorum
975 988 1089 1042 aut
1157 1000 1532 1044 manuum
1600 978 2056 1068 pedumque,
2129 1002 2259 1068 qua
2337 980 2383 1043 ii
2452 981 2599 1068 ipsi,

450 1104 723 1169 quorum
752 1084 1125 1149 testimonia
1153 1084 1682 1171 interponuntur,
1717 1107 1849 1150 non
1873 1106 2015 1151 esse
2043 1085 2601 1173 supersedendum

451 1188 815 1275 putarunt?
866 1190 1091 1273 Quid?
1150 1192 1507 1257 rationisne
1568 1192 1696 1257 fuit
1741 1201 2028 1257 statuere
2101 1194 2321 1259 vincto
2367 1192 2602 1258 infanti

450 1295 723 1361 Statium
771 1297 1055 1363 adfuisse
1090 1297 1533 1382 cantilena,
1584 1296 1912 1365 cantilena
1945 1308 2160 1364 autem
2192 1297 2328 1380 tali,
2377 1297 2602 1386 quales

450 1404 749 1469 novimus
782 1426 922 1469 esse
954 1403 1424 1471 nutricularum
1457 1405 1741 1471 dulces
1785 1405 2374 1472 arcessentium
2407 1427 2608 1471 som·

450 1502 609 1575 nos⁴
636 1509 897 1598 (Barth.
950 1510 1151 1577 Theb.
1187 1512 1271 1578 V.
1306 1512 1435 1577 616
1483 1536 1547 1599 Ρ.
1596 1512 1804 1602 288)‘.>
1851 1514 1957 1577 cui
2003 1508 2263 1599 quidem
2295 1512 2393 1575 rei
2439 1533 2607 1577 com-

450 1615 910 1683 memorandae
959 1640 1091 1681 non
1137 1616 1275 1699 hic,
1348 1619 1459 1707 qui
1518 1618 1587 1683 in
1631 1618 1932 1685 manibus
1979 1627 2100 1699 est,
2123 1616 2328 1689 ,locus
2378 1616 2604 1683 deberi

453 1720 733 1805 videtur,
782 1721 898 1788 sed
945 1721 1075 1805 ille,
1140 1722 1225 1789 ad
1288 1745 1480 1811 quem
1549 1747 1613 1788 v.
1664 1724 1749 1789 85
1821 1746 2184 1789 sermonem
2255 1722 2604 1789 deductum

454 1826 779 1913 videmus.
869 1828 960 1895 At
1029 1827 1371 1917 „genitale
1419 1851 1680 1897 carmen
1744 1840 1844 1895 est
1889 1828 2369 1915 genethliacum
2387 1877 2406 1912 ,
2477 1852 2604 1917 quo

453 1958 520 1999 se
570 1936 789 2001 statim
839 1946 913 2001 ut
958 1945 1148 2001 natus
1194 1937 1339 2020 fuit,
1388 1959 1505 2003 suo
1553 1959 1757 2024 puero
1803 1936 2088 2004 adfuisse
2146 1935 2305 2003 dicit
2360 1934 2604 2001 Statius

454 2062 732 2131 eumque
782 2040 989 2107 Musis
1037 2041 1308 2133 aliisque
1359 2040 1529 2107 divis
1575 2043 1640 2107 ei
1683 2043 1783 2107 rei
1840 2043 2213 2129 excogitate
2260 2043 2605 2129 praefectis

456 2146 1016 2214 commendasse.“
1109 2148 1305 2215 Certe
1341 2149 1434 2215 sic
1466 2148 1626 2214 dicit
1655 2149 1964 2215 Barthius
1996 2147 2330 2213 Animadv
2375 2171 2440 2237 p.
2473 2148 2602 2213 597

456 2252 877 2343 similiterque
925 2253 1241 2321 Morellus
1286 2279 1351 2345 p.
1401 2254 1552 2320 576.
1614 2254 1733 2320 A.:
1803 2275 2032 2319 recens
2100 2263 2326 2319 natum
2382 2274 2417 2317 e
2467 2252 2604 2321 solo

456 2359 687 2449 sustuli
746 2371 813 2426 et
869 2362 1217 2427 natalem
1276 2366 1455 2451 ejus
1516 2363 1878 2450 scripsi“
1947 2382 2158 2448 noque
2231 2359 2608 2449 obloquitur

458 2468 819 2555 quisquam.
926 2467 1101 2533 Mira
1156 2468 1453 2559 profecto
1510 2466 1696 2534 fides‘.
1792 2466 1969 2553 Quid
2029 2465 2204 2546 enim
2265 2466 2609 2533 absurdius

454 2573 737 2659 proferri
781 2581 1021 2663 potest,
1071 2596 1264 2664 quam
1328 2595 1599 2641 vernam
1644 2594 1922 2661 puerum
1979 2574 2116 2639 fere
2161 2572 2359 2639 talem
2408 2572 2606 2663 fuisse

467 2677 725 2765 qualem
770 2678 1178 2765 Meleagrum
1227 2688 1293 2745 ct
1322 2679 1867 2747 celebratissimos
1899 2701 2190 2769 quosque
2235 2681 2433 2765 viros,
2481 2682 2616 2769 qui-

460 2783 584 2849 bus
629 2785 801 2851 natis
847 2786 1195 2869 „carmina
1242 2785 1463 2851 divino
1534 2786 1914 2851 cecinerunt
1979 2796 2245 2873 pectore
2315 2787 2609 2854 Pa-rcae“

459 2889 727 2976 (Catull.
776 2892 883 2974 64,
934 2892 1085 2957 383.
1204 2891 1501 2959 Broukh.
1573 2892 1716 2957 Tib.
1789 2892 1842 2956 I.
1906 2892 1980 2975 8,
2041 2893 2072 2957 1
2127 2916 2194 2979 p.
2247 2893 2392 2959 143.
2461 2893 2606 2958 Jac.

460 2995 768 3063 Philostr.
816 2998 949 3065 Jm.
996 2998 1078 3063 ΙΙ.
1132 2998 1171 3061 8
1219 3020 1282 3090 Ρ.
1332 2998 1485 3063 448.
1532 2997 1697 3064 Lob.
1745 2996 2072 3085 Aglaopli.
2132 3022 2196 3085 p.
2262 2999 2409 3065 790.
2459 2999 2608 3065 add.

467 3103 661 3176 Ovid.
711 3103 804 3171 lb.
855 3103 1029 3193 242)
1079 3113 1195 3171 aut
1238 3104 1414 3193 quali
1483 3105 1658 3193 patri
1705 3126 1821 3171 suo
1892 3115 2122 3170 exorto
2192 3105 2412 3171 Musas
2479 3127 2610 3171 non

461 3208 917 3295 „genethliaco
977 3211 1263 3278 carmine
1318 3211 1673 3293 adfuisse‘ss
1733 3210 1851 3277 sed
1912 3211 2216 3277 dextrum
2264 3211 2607 3279 dumtaxat

459 3316 675 3382 risisse
700 3316 891 3401 fingit
922 3318 1173 3385 Statius
1215 3316 1299 3382 V.
1348 3320 1410 3399 3,
1450 3318 1571 3381 121
1623 3315 1736 3405 (cf.
1768 3309 1998 3383 Barth.
2045 3339 2111 3404 p.
2158 3316 2308 3381 476.
2342 3316 2604 3389 Mitsch.

454 3419 612 3512 Hor.
664 3406 877 3489 carm.
942 3424 1048 3488 iv.
1122 3426 1184 3506 3,
1248 3426 1289 3489 2
1346 3446 1411 3511 p.
1474 3424 1624 3489 332.
1697 3424 1842 3498 sao.
1891 3421 1932 3487 1.
1983 3421 2046 3488 d.
2095 3446 2160 3511 p.
2229 3423 2380 3488 448.
2453 3424 2606 3493 add.

452 3526 675 3619 Bergl.
725 3528 1018 3619 Alciphr.
1066 3530 1120 3594 I.
1170 3530 1254 3595 36
1302 3554 1367 3619 p.
1428 3530 1557 3595 216
1606 3552 1700 3619 sq.
1801 3528 2066 3595 Ruhnk.
2121 3529 2249 3619 Ep.
2300 3528 2467 3595 Crit.
2514 3529 2604 3595 II.

454 3655 521 3719 Ρ.
572 3634 719 3702 146.
776 3634 1014 3701 Blomf.
1063 3633 1302 3701 Aesch.
1362 3636 1544 3723 Sept.
1604 3635 1738 3699 664
1805 3659 1868 3723 Ρ.
1917 3634 2083 3724 64)?
2151 3633 2374 3701 Etiam
2444 3634 2607 3702 illud

462 3736 780 3832 explicari
825 3740 1057 3825 velim,
1106 3763 1300 3832 quam
1347 3750 1499 3829 apte
1546 3752 1613 3805 et
1669 3740 2096 3827 probabiliter
2151 3740 2405 3808 dicatur
2449 3751 2608 3825 tum,

455 3867 655 3941 quum
702 3868 868 3934 puer
912 3847 1214 3915 manibus
1265 3847 1672 3936 pedibusque
1732 3846 2073 3913 devinctus
2134 3855 2248 3913 aut
2307 3848 2376 3913 in
2422 3848 2606 3913 cunis

447 3955 707 4039 jaceret
753 3962 867 4020 aut
913 3954 980 4019 in
1024 3952 1319 4022 manibus
1378 3961 1783 4041 gestaretur,
1854 3952 1923 4021 id
1993 3954 2350 4019 carminum
2397 3974 2606 4041 genus

457 4068 786 4125 cantatum
832 4060 1071 4143 fuisse,
1122 4082 1249 4147 quo
1312 4069 1569 4126 constat
1630 4060 2000 4147 principum
2049 4082 2124 4125 ac
2169 4060 2602 4128 maximorum

452 4173 787 4251 poetarum
835 4165 1087 4231 natales
1134 4166 1502 4235 celebratos
1547 4167 1748 4233 fuisse
1809 4165 2164 4257 (Schwarz.
2235 4167 2606 4233 Mamertin.

456 4270 762 4338 Genethl.
813 4272 1191 4339 Maximian.
1249 4275 1281 4337 1
1334 4296 1393 4361 Ρ.
1448 4271 1583 4361 78).
1679 4272 1812 4337 Sed
1870 4283 1944 4337 ut
2014 4294 2438 4361 quaecunque
2507 4270 2607 4337 vel

455 4378 773 4441 acerrimo
807 4380 1135 4465 vituperio
1184 4380 1388 4465 digna
1436 4400 1577 4443 esse
1628 4378 2226 4465 comprobavimus,
2277 4380 2492 4445 omnia
2539 4397 2607 4441 se
