3234 4967
647 392 746 443 248
1463 388 1508 441 C
1519 406 1551 441 ο
1564 390 1627 456 nj
1646 406 1673 441 e
1687 404 1717 443 c
1728 400 1765 441 t.
1801 388 1979 445 xvn.

649 563 839 625 „modo
876 576 1056 625 nempe
1092 560 1376 611 horrendus
1413 562 1480 611 ab
1516 562 1664 612 astris
1698 560 1983 611 Descendit
2018 576 2127 611 vos
2162 572 2367 627 usque
2403 560 2626 623 stagor.“
2673 559 2790 623 val.

646 646 818 697 Flace.
856 646 925 697 ΙΙ.
963 648 1046 697 27.
1119 646 1302 696 Avieu.
1339 640 1408 697 D.
1439 646 1506 697 4Ο.
1541 648 1672 697 97οτ
1742 646 1999 709 „Usque
2036 645 2293 697 Arabas
2354 653 2405 695 et
2438 647 2594 710 longa
2631 628 2791 711 Syrae

595 741 612 754 ⁴
647 728 871 781 confinia
925 730 1138 780 terrae.“
1208 730 1450 781 Rittersb.
1505 730 1699 781 Gnnth.
1757 730 1929 794 Ligur.
1968 732 2008 783 Ι.
2050 732 2146 781 388
2203 748 2251 796 p.
2290 733 2372 783 31.
2446 728 2603 781 Gron.
2648 729 2793 780 Obss.

646 818 788 867 Eccl.
827 814 1032 865 XXIV.
1091 832 1140 880 p.
1181 816 1297 866 263.
1372 819 1551 868 Arntz.
1589 816 1769 867 Aurel.
1810 814 1945 864 Vict.
1986 816 2050 868 V.
2110 816 2203 865 ΤΠ.
2252 817 2333 876 34,
2379 820 2407 865 7
2469 830 2519 880 p.
2568 815 2788 865 161-cf.

643 900 822 953 Burm.
861 900 1070 951 Petron.
1108 902 1173 950 26
1198 916 1248 965 p.
1273 902 1386 961 193,
1423 902 1606 965 quibus
1643 900 1764 949 nolo
1802 900 2023 963 adjicere
2060 900 2432 951 Ermoldum
2469 898 2791 964 Nigellum

647 985 743 1035 IV.
781 986 906 1035 2663
965 983 1070 1045 „Ut
1103 986 1337 1035 Romana
1373 1002 1549 1036 manus
1587 987 1745 1035 crevit
1800 992 1862 1033 et
1913 998 2071 1051 usque
2106 986 2311 1050 polum“
2347 986 2552 1045 codem,
2608 993 2665 1034 ut
2700 997 2791 1047 ego

648 1071 880 1131 arbitror,
915 1070 1042 1119 vitio
1079 1068 1330 1132 affectum,
1369 1086 1470 1137 quo
1509 1070 1701 1121 Sedulii
1738 1070 1892 1119 verb'a
1928 1070 2115 1141 Hgmn.
2154 1070 2223 1121 11.
2264 1072 2317 1121 2:
2373 1073 2456 1132 „A
2495 1070 2619 1119 solis
2658 1075 2792 1117 ortus

649 1156 860 1206 cardine
895 1156 992 1205 Ad
1029 1172 1232 1221 usque
1265 1164 1430 1206 terrae
1467 1155 1709 1205 limitem“
1762 1155 1901 1219 apud
1940 1156 2133 1204 Bedam
2172 1158 2235 1206 de
2271 1155 2425 1206 Metr.
2463 1173 2514 1221 p.
2552 1157 2685 1205 2378
2722 1156 2791 1204 le-

650 1249 842 1305 guntur
895 1241 966 1291 sic
1022 1242 1249 1293 detorta:
1320 1242 1440 1302 „Et
1474 1256 1639 1305 usque
1695 1249 1863 1290 terrae
1898 1233 2230 1306 limitem.“⁹)
2304 1240 2423 1291 Non
2461 1242 2594 1291 latet
2628 1240 2793 1304 igitur,

650 1340 780 1391 quae
820 1341 902 1375 res
937 1325 1162 1376 librariis
1199 1326 1364 1375 fraudi
1402 1326 1570 1375 fuerit.
1644 1325 1748 1376 Sed
1783 1324 1955 1374 nescio
1994 1340 2060 1373 an
2085 1326 2150 1374 ad
2176 1327 2595 1391 intercipiendum
2621 1340 2789 1374 verum

650 1412 800 1459 etiam
853 1412 1012 1474 magis
1067 1410 1288 1461 valuerit
1335 1426 1512 1475 parum
1549 1419 1794 1475 percepta
1829 1410 1957 1458 ratio
1992 1410 2262 1461 verborum
2318 1412 2448 1461 inter
2484 1426 2538 1459 se
2574 1412 2625 1459 in
2661 1410 2794 1459 hunc

648 1497 852 1546 modum
925 1497 1323 1561 implicatorum:
1408 1503 1625 1560 quantus
1697 1506 2005 1559 negantem,
2078 1497 2431 1547 Fluctibus
2506 1494 2795 1545 occiduis

649 1582 882 1631 sessum
918 1596 1116 1645 usque
1152 1580 1558 1645 Hyperiona,
1614 1580 1827 1630 Thulen
1861 1582 2093 1643 intrarit,
2148 1582 2445 1633 mandata
2502 1578 2795 1644 gerens-‘⁶

651 1664 796 1726 Quae
829 1665 1107 1715 insolentia
1144 1674 1194 1715 et
1227 1666 1280 1713 in
1317 1666 1430 1715 aliis
1465 1666 1635 1715 multis
1671 1667 1797 1715 locis
1837 1668 2087 1727 cernitur,
2146 1668 2209 1715 de
2266 1666 2447 1731 quibus
2496 1666 2683 1715 dictum
2722 1672 2797 1713 est

648 1752 702 1800 in
737 1750 915 1801 Siuide
953 1750 1049 1800 IX.
1085 1752 1116 1801 3
1153 1766 1202 1815 p.
1243 1751 1341 1799 203
1379 1759 1482 1799 not.
1521 1752 1605 1812 95,
1643 1759 1695 1799 et
1728 1751 1781 1799 in
1819 1750 2088 1801 Thebaide
2115 1750 2213 1801 IX.
2253 1750 2380 1802 135:
2416 1750 2555 1809 vidit,
2594 1763 2796 1812 quam-

652 1841 834 1899 quam
871 1834 1157 1897 undique
1194 1835 1490 1894 crebrae,
1528 1834 1906 1898 Hippomedon,
1960 1845 2111 1885 ante
2150 1850 2259 1885 ora
2294 1834 2543 1885 minae“
2598 1832 2659 1889 ef,
2699 1830 2797 1885 ΙΙΙ.

651 1920 750 1971 203
789 1917 1043 1982 (Conjeet.
1081 1918 1272 1983 xm),
1314 1921 1450 1983 apud
1476 1920 1658 1969 Silium
1683 1918 1961 1971 xv.438:
1997 1922 2165 1985 „Ecce
2202 1921 2331 1969 inter
2367 1922 2557 1969 medios
2594 1916 2800 1968 hostilia

651 2004 912 2053 nuntius
959 2019 1098 2053 arma
1135 2002 1693 2069 Quadrupedante
1745 2005 2046 2055 invectus
2087 2020 2245 2069 equo
2300 2009 2579 2054 adventare
2632 2002 2799 2053 ferc-

652 2088 796 2137 bat“
833 2098 882 2137 et
917 2088 1183 2138 Valerium
1224 2090 1464 2138 Flaccum
1501 2090 1597 2141 ΙΙΙ.
1638 2091 1737 2141 645
1776 2088 2037 2154 (Conject.
2073 2090 2277 2141 xvm.
2333 2090 2485 2153 not.):
2559 2090 2800 2153 ducitque

652 2172 947 2223 faventes
983 2172 1350 2237 Magnanimus
1390 2172 1657 2240 Calydone
1715 2184 1877 2225 status
1936 2174 2316 2241 potioribus
2374 2176 2485 2241 ipse
2536 2173 2800 2224 Deteriora

655 2260 910 2322 sequens“
948 2258 1390 2322 Claudianumque
1429 2261 1487 2313 B.
1527 2260 1646 2311 Get.
1676 2262 1801 2311 633:
1838 2276 2073 2325 „unoque
2108 2261 2191 2309 die
2226 2259 2519 2310 Romana
2554 2258 2801 2324 rependit,

655 2344 911 2409 Quidquid
950 2349 1030 2393 ter
1066 2343 1226 2405 denis,
1263 2346 1463 2405 acies,
1501 2346 1754 2395 amisimus
1794 2346 1995 2395 annis.“

791 2432 908 2481 Jam
946 2430 1124 2495 paucis
1160 2430 1282 2479 licet
1316 2431 1619 2479 convincere
1658 2445 1877 2480 errorem
1916 2446 2029 2479 cum
2067 2432 2289 2480 omnium
2328 2440 2433 2479 tum
2470 2429 2669 2479 Heinsii
2706 2428 2800 2481 Sil'.

652 2512 751 2569 IV.
789 2516 888 2565 223
925 2531 971 2579 p.
1011 2516 1127 2565 202.
1198 2515 1514 2564 Lachmanni
1569 2514 1771 2566 Luci-et.
1808 2515 1851 2565 Ι.
1890 2516 1991 2566 360
2044 2532 2094 2580 p.
2150 2516 2233 2565 36.
2272 2517 2353 2569 37.
2424 2514 2615 2565 Handii
2670 2512 2802 2568 silv,

654 2617 704 2666 p.
740 2602 860 2653 459.
929 2600 1127 2649 Imhofii
1184 2601 1294 2650 Ecl.
1348 2602 1412 2649 ad
1451 2598 1554 2649 Ux.
1595 2602 1695 2650 104
1748 2616 1795 2665 p.
1834 2602 1916 2661 27,
1972 2603 2057 2665 qui
2113 2600 2177 2649 ab
2232 2602 2343 2665 ipso
2392 2600 2557 2650 Statio
2594 2598 2719 2650 silv.
2758 2596 2801 2649 1.

655 2687 702 2745 3,
743 2688 842 2735 100
899 2687 1030 2734 haec
1084 2682 1240 2748 (quae
1295 2686 1456 2735 levius
1511 2686 1677 2748 attigit
1731 2683 2004 2735 Obsi-linus
2042 2684 2160 2735 Vib.
2219 2686 2339 2749 Seq.
2394 2702 2447 2749 p.
2488 2685 2588 2733 309
2622 2683 2801 2732 'etiam

655 2770 912 2819 Pausania
955 2768 1050 2821 VI.
1114 2771 1206 2832 19,
1265 2771 1321 2819 3:
1393 2762 1686 2839 Πατροκλέα
1740 2766 1791 2819 δὲ
1850 2768 1974 2820 εἶναι
2039 2762 2366 2820 Κατίλλου
2434 2760 2802 2837 Κροτωνιάτην

654 2852 738 2919 τὸν
775 2852 1091 2925 εἰργασμένον
1150 2856 1362 2917 emisse,
1418 2858 1673 2920 praeteriit
1732 2856 1855 2909 Luc.
1914 2852 2197 2906 Muellerus
2253 2857 2317 2905 de
2373 2856 2451 2905 Re
2509 2856 2664 2905 Metr.
2702 2852 2804 2903 v1.

655 2924 706 3007 ῥ’.
745 2942 844 2993 352
883 2938 1012 3008 sq.):
1764 2930 1768 2935 ’

1098 3078 1318 3127 Alciden
1355 3078 1647 3141 dictumque
1684 3078 1795 3142 lyra
1828 3078 2021 3140 majore
2058 3076 2372 3128 Catillum

658 3202 886 3278 profecta
920 3228 1029 3266 esse
1066 3214 1405 3263 crediderunt.
1482 3209 1625 3275 Quid
1663 3213 1829 3263 enim?
1891 3228 2044 3279 quum
2102 3214 2339 3264 dictum
2397 3213 2534 3280 lyra
2570 3212 2807 3277 majore

659 3297 880 3361 intelligi
917 3298 1079 3348 virum
1139 3300 1237 3359 „ab
1275 3298 1502 3362 Virgilio
1541 3298 1689 3364 epico
1728 3299 1955 3349 carmine
1992 3298 2336 3365 celebratum?
2396 3300 2450 3349 in
2511 3298 2805 3351 confessum

801 3468 850 3534 ⁹)
887 3470 1010 3535 Ipsa
1044 3468 1206 3520 fessi
1240 3468 1643 3537 Hyperionis
1680 3470 1875 3520 mentio
1912 3466 2149 3533 (Gualth.
2188 3468 2345 3523 Alex.
2381 3468 2450 3521 X.
2490 3470 2615 3521 329:
2654 3470 2807 3535 proni

659 3554 856 3589 curru·
875 3539 982 3602 jam
1022 3540 1249 3589 deside
1287 3540 1500 3589 Phoebi.
1523 3538 1616 3593 IV.
1656 3540 1779 3589 301:
1833 3538 1940 3603 jam
1977 3538 2186 3588 fessus
2237 3554 2441 3588 emenso
2480 3538 2807 3603 Cynthius

660 3609 822 3659 orbet‘
859 3608 920 3661 cf.
959 3608 1082 3659 Vn.
1120 3609 1248 3660 375:
1285 3608 1590 3659 Occiduis
1628 3608 1817 3657 inferre
1852 3606 2075 3656 fretis‘'‘
2114 3606 2232 3655 add.
2269 3606 2451 3655 Arntz.
2492 3606 2667 3656 Sedul.
2706 3602 2809 3659 111,

553 3718 558 3721 .
661 3678 760 3729 219
796 3693 844 3741 p.
886 3678 1006 3741 164)
1043 3678 1240 3741 copiam
1277 3676 1400 3727 facit
1436 3678 1486 3726 id
1525 3677 1789 3736 reddendi,
1828 3676 1964 3739 quod
1999 3676 2052 3723 in
2088 3676 2256 3727 adnot.
2280 3670 2473 3739 Eclog,
2498 3688 2544 3727 v.
2567 3677 2635 3723 24
2671 3675 2809 3739 ρ.39

661 3747 834 3796 nescio
871 3760 974 3809 quo
1010 3757 1164 3811 pacto
1201 3746 1439 3796 omissum
1476 3760 1558 3795 me
1594 3746 1791 3810 pungit,
1863 3743 1934 3793 Iis
1973 3744 2103 3791 enim
2141 3743 2265 3793 locis
2302 3744 2478 3804 Statii,
2533 3744 2585 3792 in
2623 3744 2810 3806 quibus

661 3815 766 3877 legi
805 3816 956 3863 docui
995 3816 1204 3864 lucem
1242 3821 1533 3879 paratam
1589 3810 1684 3879 (cf.
1724 3813 1891 3863 Theb.
1931 3811 1996 3864 V.
2038 3814 2162 3861 180:
2216 3812 2517 3875 perfecto
2557 3812 2699 3861 sole
2736 3820 2807 3860 te—

663 3882 933 3943 nebrae“)‚
971 3883 1154 3945 dignus
1189 3893 1268 3932 est
1301 3883 1390 3945 qui
1425 3884 1735 3947 adjungatur
1770 3881 1971 3931 Seneca
2004 3878 2213 3944 Thyest,
2252 3880 2377 3928 8223
2436 3877 2534 3929 Sol
2568 3894 2809 3928 auroram

663 3952 804 3999 videt
839 3951 1083 3999 occiduus
1119 3950 1486 4015 Tenebrasque
1532 3951 1682 4013 jubet
1734 3963 1941 4013 surgere
1994 3950 2222 3997 nondum
2262 3945 2459 3997 Nocte
2522 3944 2798 4013 parata.“

663 4019 742 4068 At
775 4018 988 4066 alterum
1021 4018 1168 4079 illud,
1223 4019 1363 4083 quod
1397 4020 1580 4068 falsum
1619 4026 1711 4079 est,
1766 4018 1914 4066 fluxit
1948 4032 2013 4065 ex
2050 4015 2219 4065 O-vidii
2264 4016 2539 4065 Amor-ibus
2577 4015 2619 4063 1.
2658 4016 2707 4076 2,
2746 4016 2809 4065 33

663 4086 736 4135 Et
770 4099 960 4135 vacuus
997 4100 1174 4135 somno
1213 4096 1490 4153 noctem,
1537 4102 1686 4150 quam
1725 4086 1895 4149 longa,
1934 4086 2167 4149 peregi.
2240 4084 2437 4135 Remm.
2472 4083 2703 4137 Palaem.
2740 4084 2807 4133 de

663 4152 834 4203 Pond.
895 4154 986 4201 27:
1059 4152 1212 4204 Horis
1272 4165 1399 4218 quot
1461 4156 1679 4205 mundus
1738 4154 1993 4219 peragit
2051 4160 2433 4215 noctemque
2496 4152 2806 4215 diemque.

665 4222 825 4274 Anth.
888 4220 1002 4269 Lat.
1039 4218 1106 4269 V.
1167 4220 1422 4272 scholast.
1483 4224 1546 4272 de
1597 4222 1721 4272 Sole
1755 4218 1905 4270 XIV.
1954 4236 2003 4285 p.
2042 4220 2165 4269 3063
2237 4234 2475 4283 noxque
2534 4214 2811 4283 peracta

665 4288 779 4339 fnit.
850 4288 968 4340 val.
1007 4289 1178 4342 Flaee.
1213 4289 1256 4338 1.
1286 4292 1408 4342 788:
1445 4290 1573 4350 Vm,
1613 4292 1794 4353 quibus
1824 4314 1883 4323 -—
1910 4302 2009 4336 non
2046 4302 2203 4350 segne
2236 4297 2568 4351 peractum
2607 4288 2808 4337 Lucis

666 4355 849 4407 iter.“
921 4354 1000 4407 cf.
1039 4356 1180 4420 Virg.
1225 4359 1354 4409 Aen,
1395 4357 1462 4409 X.
1503 4360 1628 4407 2573
1667 4358 1925 4405 Matura
1958 4355 2067 4417 Jam
2104 4357 2231 4412 luae.
