3234 4967
703 399 803 448 282
1041 437 1047 446 .
1535 349 1820 460 Οοιιτῖθοι.
1858 395 1977 450 XX.

704 568 1088 622 Ammianum
1123 567 1285 622 Marc.
1322 565 1526 622 XXIV.
1561 569 1611 629 4,
1648 569 1743 618 29:
1796 573 1852 616 ut
1884 566 2157 631 improviso
2189 567 2309 617 inde
2345 575 2579 618 exorta
2614 563 2829 632 agminis

701 655 858 705 nostri
891 662 1034 719 terga
1069 649 1252 704 feriret
1288 653 1550 703 extrema“
1586 668 1690 702 non
1723 653 1824 702 hoc
1859 653 2057 702 videtur
2090 643 2373 717 praestare:
2410 659 2690 703 exserta.

837 741 1081 808 Desinam
1116 740 1172 789 in
1206 733 1270 789 iis
1304 739 1444 800 locis,
1479 739 1534 788 in
1569 739 1751 802 quibus
1788 738 1953 802 erupit
1987 738 2353 802 exercitus,
2392 739 2830 800 exercitatae,

702 843 832 892 quae
866 828 980 892 ipsa
1013 840 1118 876 vox
1151 840 1244 890 pro
1274 839 1398 874 voce
1435 824 1679 874 excitus
1715 831 1821 872 tum
1870 823 2070 872 aemula
2104 817 2241 873 illius
2277 831 2578 874 exsertus
2614 821 2822 887 (Claud,

701 913 848 964 Mall.
884 913 919 963 1.
955 913 1002 965 d.
1043 917 1358 962 exsertus.
1395 910 1514 958 edd.
1551 909 1810 959 excitus.
1848 907 1944 958 IV.
1982 907 2132 960 Cone.
2171 904 2310 960 Hon.
2350 911 2447 960 299
2502 917 2828 959 exsertum

703 1013 894 1063 agmen.
952 996 1094 1047 Vatt.
1133 997 1273 1046 Bott.
1309 995 1452 1045 Med.
1490 1009 1590 1046 sec.
1628 994 1805 1046 Petav.
1844 1010 1917 1059 pr.
1957 996 2235 1044 excitum.
2291 996 2494 1046 Thuan.
2531 993 2829 1058 exutum)

703 1092 810 1135 tum
844 1084 958 1149 ipsa
993 1082 1212 1145 iniquam
1253 1087 1472 1146 experta
1507 1095 1683 1130 vocem
1722 1088 1958 1130 exutus
2015 1078 2301 1143 (claudian.
2338 1080 2373 1130 l.
2412 1083 2459 1144 ᾷ.
2515 1089 2565 1130 et
2616 1082 2677 1134 B.
2714 1079 2829 1131 Get.

705 1172 770 1221 36
813 1168 991 1220 mediis
1045 1173 1238 1217 exuta
1292 1167 1528 1216 tenebris.
1599 1164 1790 1218 Moret.
1845 1165 1987 1215 Med.
2043 1167 2273 1217 excita.
2344 1166 2456 1216 Liv.
2492 1165 2587 1218 IX.
2644 1167 2724 1225 31,
2764 1167 2828 1214 12

703 1255 880 1306 castris
917 1259 1180 1304 exutum.
1216 1250 1456 1302 Voss.'2.
1492 1251 1621 1302 Loir.
1659 1251 1689 1300 3
1725 1241 2008 1300 ¹excitum
2044 1251 2106 1302 cf.
2134 1249 2261 1301 Stat.
2298 1250 2422 1305 Silv.
2446 1250 2489 1306 1.
2530 1255 2576 1313 1,
2615 1251 2679 1301 23
2716 1251 2829 1299 ad-

695 1341 934 1408 scitae.
998 1337 1156 1389 Gron.
1212 1337 1358 1387 codd.
1413 1337 1745 1398 assertae)
1800 1337 2001 1402 saepius
2048 1343 2262 1386 exarata
2296 1319 2564 1408 est-Drak.
2602 1337 2715 1386 Liv.
2756 1335 2827 1386 V.

704 1427 752 1486 8,
786 1429 814 1475 7
869 1441 917 1490 p.
955 1425 1037 1474 68.
1107 1421 1239 1473 Oud.
1293 1421 1453 1487 Apul.
1490 1421 1614 1475 Met.
1655 1421 1809 1473 VIII.
1862 1439 1913 1487 p.
1948 1422 2064 1474 589.
2136 1419 2274 1472 Cort.
2310 1419 2503 1473 Lucan.
2538 1421 2605 1472 V.
2640 1423 2738 1472 497
2776 1438 2827 1487 Ρ.

702 1513 816 1564 643.
885 1509 1060 1560 Burm.
1097 1507 1308 1568 Quintil.
1344 1507 1493 1557 Decl.
1531 1504 1790 1556 CCLXV.
1826 1523 1877 1572 p.
1915 1509 2065 1559 500.·
2100 1507 2178 1558 δίε
2216 1508 2346 1556 enim
2384 1508 2657 1572 exempli8‚
2695 1521 2829 1570 quae

703 1597 1039 1649 casaubonus
1077 1593 1332 1658 Spartian.
1369 1591 1540 1643 Sever.
1577 1593 1608 1641 3
1646 1608 1694 1656 p.
1731 1593 1846 1646 593.
1917 1592 2159 1643 Valesius
2194 1591 2629 1645 Ammian.Marc.
2666 1592 2719 1645 ll.
2740 1593 2827 1644 dd.

699 1700 751 1748 p.
789 1683 888 1733 235
927 1688 977 1731 et
1011 1677 1244 1730 XXVII.
1281 1680 1361 1737 10,
1400 1677 1462 1727 16
1498 1693 1548 1742 p.
1585 1679 1688 1727 204
1733 1675 1815 1740 (cf.
1853 1678 2107 1732 Ammian.
2143 1677 2351 1729 XVIII.
2390 1681 2437 1739 8,
2475 1683 2535 1727 4:
2606 1677 2827 1738 „exci-

702 1769 906 1818 tatius
941 1763 1310 1818 clamitantes.“
1363 1762 1480 1815 fort.
1537 1763 1890 1824 exsertius,
1944 1774 1997 1814 ut
2051 1771 2345 1814 exsertus
2397 1764 2664 1824 clamor,
2717 1777 2824 1811 ca·

703 1854 970 1903 chinnus
1005 1851 1258 1904 Stewech.
1294 1849 1452 1914 Apul.
1503 1849 1628 1898 Met.
1670 1849 1710 1898 1.
1764 1865 1815 1914 p.
1858 1849 1959 1912 15).
2029 1851 2378 1916 Wopkensius
2414 1848 2589 1898 Pacat.
2625 1863 2674 1912 p.
2709 1849 2827 1903 449.

701 1937 1040 2006 Spaldingius·
1068 1936 1278 1999 Quintil.
1316 1933 1411 1988 XI.
1451 1935 1498 1996 3,
1538 1936 1602 1984 76
1638 1951 1687 1998 p.
1724 1936 1824 1984 390
1860 1935 1924 1984 cf.
1961 1933 2093 1986 oud.
2131 1937 2325 1987 Lucan.
2362 1934 2465 1988 ΙΙΙ.
2502 1935 2601 1985 693
2636 1950 2689 1999 p.
2708 1935 2827 1984 252.

703 2027 881 2077 Arutz.
917 2021 1128 2076 Eumen.
1163 2037 1256 2086 pro
1290 2022 1404 2071 inst.
1441 2020 1601 2070 schol.
1635 2035 1687 2084 p.
1727 2021 1823 2070 176
1882 2021 2255 2088 disceptarunt,
2308 2022 2475 2071 habeo
2534 2036 2682 2085 quem
2735 2014 2829 2068 ad-

697 2111 870 2176 jiciam
905 2110 1119 2175 primum
1157 2105 1575 2158 Claudianum
1611 2106 1672 2156 B.
1713 2105 1825 2161 Get.
1862 2108 1953 2157 36:
2006 2107 2142 2170 „Per
2177 2115 2226 2157 te
2280 2087 2496 2183 namque
2533 2122 2687 2156 unum
2723 2120 2829 2155 me-

702 2199 796 2248 diis
833 2203 1027 2247 exuta
1063 2194 1284 2244 tenebris
1320 2191 1540 2256 Imperio
1591 2195 1684 2241 sua
1734 2191 1896 2242 forma
1932 2193 2089 2250 redit“
2144 2191 2335 2256 (codd.,
2388 2209 2514 2258 quos
2550 2207 2702 2258 supra
2736 2207 2828 2242 no·

703 2284 1014 2342 minavimus‚
1050 2286 1253 2330 exuta.
1324 2277 1445 2328 Jun.
1483 2285 1713 2328 exusta
1748 2277 1815 2327 cf.
1850 2278 2061 2328 Munck.
2098 2277 2235 2344 Hyg.
2275 2281 2371 2328 102
2408 2295 2457 2344 p.
2497 2280 2611 2329 191.
2650 2277 2830 2327 Seren.

705 2369 962 2419 Sammon.
999 2367 1081 2426 23,
1115 2367 1214 2415 411
1253 2371 1446 2414 exuto
1481 2363 1697 2414 Paderb.
1744 2379 1819 2412 ex
1834 2372 1979 2414 usto
2014 2364 2149 2414 Pith.
2188 2363 2487 2428 Tornaes.),
2546 2364 2589 2414 si
2626 2363 2830 2427 quidem

703 2453 833 2504 illud
869 2451 1095 2502 mediis
1135 2448 1245 2514 (Pr.
1281 2449 1440 2500 Cous.
1479 2447 1590 2502 Stil.
1629 2449 1672 2499 I.
1713 2451 1833 2499 184:
1892 2447 2073 2514 Aegra
2132 2458 2284 2516 caput
2336 2450 2559 2499 mediis
2617 2449 2833 2500 erexit

706 2537 918 2590 Graecia
952 2537 1180 2587 flammis.
1251 2534 1376 2586 Pan.
1415 2534 1761 2598 Bereng.,1V.
1799 2538 1888 2586 80:
1926 2535 2148 2585 Emicuit
2183 2536 2350 2586 subito
2386 2536 2437 2584 in
2476 2534 2703 2585 mediis
2740 2535 2833 2583 lux

705 2625 843 2676 alma
877 2620 1228 2684 tenebris“)
1281 2628 1472 2670 tantum
1510 2621 1797 2686 discrepare
1835 2623 2037 2671 videtur
2073 2637 2185 2670 cum
2223 2621 2379 2670 verbo
2417 2627 2612 2670 exuta
2666 2617 2832 2682 (recte

703 2711 872 2777 posito
909 2723 940 2758 a
973 2707 1230 2758 Venantio
1266 2707 1552 2756 Fortunato
1591 2707 1654 2755 de
1690 2706 1930 2756 Medardi
1966 2707 2145 2757 Mirac.
2190 2724 2239 2772 p.
2280 2709 2391 2759 714.
2430 2706 2509 2755 A:
2580 2706 2829 2754 Exutus

705 2795 1014 2854 tenebris,
1065 2794 1278 2845 vestitus
1332 2792 1554 2858 tegmine
1606 2792 1768 2841 lucis“
1831 2803 1881 2841 et
1918 2793 2187 2842 Ambrosio
2224 2791 2317 2857 Ep.
2374 2793 2439 2841 ad
2476 2791 2827 2843 Vale-minian.

703 2899 751 2948 p.
786 2884 888 2932 480
922 2880 1038 2931 Par.
1109 2879 1392 2940 „Exutae
1443 2877 1765 2927 humentibus
1815 2878 2108 2928 tenebris
2161 2893 2345 2928 novum
2384 2885 2549 2927 terrae
2585 2885 2831 2941 stupuere

704 2964 940 3031 solem“),
1001 2972 1246 3029 quantum
1306 2977 1584 3028 congruere
1645 2971 1733 3012 aut
1795 2978 1909 3014 cum
1970 2979 2058 3028 ee,
2130 2965 2269 3028 quod
2338 2964 2531 3030 placuit
2589 2961 2830 3012 Heinsio:

707 3053 947 3115 excita,
994 3059 1081 3101 aut
1116 3065 1228 3100 cum
1265 3065 1353 3112 eo,
1391 3052 1528 3112 quod
1564 3050 1781 3114 proximi
1816 3063 2015 3101 versus:
2078 3049 2509 3113 claustrisque
2567 3048 2831 3098 solutae

706 3139 961 3189 Tristibus
997 3163 1062 3172 —
1098 3133 1272 3200 leges“
1316 3136 1563 3184 sententia
1597 3135 1853 3198 suggerit:
1907 3135 2084 3184 mediis
2122 3143 2389 3184 exserta
2424 3132 2685 3184 tenebris.“
2759 3132 2833 3182 Et

705 3226 770 3275 ab
805 3224 1015 3275 Juniani
1069 3222 1268 3286 quidem
1323 3219 1565 3269 memoria
1620 3226 1854 3269 exusta
1890 3219 2166 3284 exspatiari
2224 3218 2348 3268 libet
2404 3221 2470 3268 ad
2504 3218 2832 3268 Lucanum

705 3310 803 3360 III.
843 3311 967 3360 132:
1002 3307 1150 3357 Pacis
1187 3307 1252 3355 ad
1274 3305 1643 3356 exhaustae
1684 3305 1897 3369 spolium
1920 3319 2023 3354 non
2049 3306 2182 3369 cogit
2208 3301 2439 3370 egestas“
2481 3303 2831 3373 (exaustas

605 3375 612 3380 Ι
703 3396 886 3449 Hamb.
943 3394 1256 3444 exhustae
1293 3389 1494 3440 Thuan.
1555 3403 1657 3440 sec.
1710 3398 1975 3440 exustae
2011 3390 2183 3455 Voss.)
2242 3398 2293 3440 et
2346 3387 2472 3439 Stat.
2529 3389 2689 3442 Theb.
2730 3387 2831 3439 ΠΙ.

707 3482 829 3534 259:
888 3479 1186 3530 exhausti
1241 3478 1433 3528 solibus
1487 3491 1657 3526 amnes
1712 3473 1911 3540 (HeinS.
1951 3475 2093 3539 virg.
2134 3473 2318 3539 Georg.
2355 3475 2454 3529 111.
2490 3476 2589 3526 432
2625 3492 2674 3540 p.
2710 3475 2831 3527 429.

709 3565 836 3618 Pan.
872 3564 1094 3630 Bereng.
1129 3565 1169 3614 1.
1208 3561 1312 3627 75).
1383 3563 1499 3613 Put.
1537 3563 1773 3613 exusti.
1840 3562 1957 3611 Par.
1993 3576 2068 3626 pr.
2107 3561 2343 3621 exacti,
2379 3562 2495 3610 inde
2530 3562 2594 3610 acl
2628 3559 2834 3608 Maxi·-

705 3650 973 3718 m'janum
996 3651 1148 3714 Eleg.
1169 3647 1236 3698 V.
1274 3650 1365 3699 30:
1402 3647 1574 3712 Atque
1611 3648 1705 3697 sub
1743 3648 1999 3697 exhausto
2036 3653 2247 3714 pectore
2282 3648 2467 3711 pingue
2502 3643 2712 3706 femur“‚
2750 3645 2834 3694 cui

704 3754 852 3789 nemo
889 3737 1016 3787 vidit
1047 3736 1147 3787 hoc
1182 3735 1491 3784 reddendum
1528 3745 1660 3784 esse:
1711 3733 1805 3784 sub
1860 3740 2093 3782 exacto
2146 3733 2397 3798 pectine
2434 3729 2515 3796 (ut
2548 3731 2833 3780 Philodem.

703 3824 862 3875 Anth.
887 3824 1000 3875 Pal.
1037 3821 1104 3876 V.
1144 3821 1258 3882 132,
1297 3823 1352 3872 2:
1387 3815 1432 3868 ὢ
1465 3815 1707 3886 γλουτῶν,
1745 3813 1789 3866 ὢ
1824 3813 2063 3879 κτενὸς,
2099 3813 2143 3866 ὢ
2169 3815 2407 3886 λαγόνων.
2477 3817 2713 3870 Juvenal.
2734 3815 2834 3866 VI.

705 3907 828 3974 369)
885 3908 949 3960 cf.
985 3908 1178 3960 Lucan.
1213 3905 1338 3956 VII.
1392 3907 1521 3957 490:
1593 3912 1747 3968 quota
1799 3920 1917 3970 pars
1954 3905 2113 3954 cladis
2144 3904 2327 3968 jaculis
2364 3903 2603 3966 ferroque
2636 3902 2835 3952 volanti

703 3996 955 4046 Exacta
989 3993 1110 4048 est.“
1185 3993 1388 4043 Thuan.
1425 3999 1538 4042 tert.
1574 3990 1925 4042 Exhausta.
1994 3989 2161 4039 Drak.
2199 3989 2310 4043 Liv.
2346 3987 2445 4038 111.
2483 3990 2564 4049 39,
2602 3989 2648 4039 9.
2688 3985 2833 4040 Cort.

707 4089 761 4131 et
794 4081 1017 4146 Martyni
1053 4104 1119 4118 —
1155 4078 1283 4143 Lag.
1327 4077 1455 4128 Luc.
1491 4075 1558 4126 V.
1595 4077 1664 4126 44
1716 4091 1767 4140 p.
1806 4077 1901 4127 568
1940 4091 2015 4139 sq.
2085 4076 2259 4126 Burm.
2313 4075 2511 4126 Lotich.
2566 4071 2735 4124 Carm.
2790 4073 2835 4125 Ι.

707 4169 789 4225 11,
829 4167 891 4216 13
927 4183 975 4232 Ρ.
1010 4167 1110 4216 422
1149 4181 1224 4230 sq.
1276 4164 1393 4213 add.
1431 4164 1605 4215 Burm.
1644 4161 1796 4226 Prop.
1837 4161 1931 4211 111.
1972 4163 2017 4222 7,
2057 4164 2122 4211 10
2175 4178 2224 4226 Ρ.
2263 4162 2377 4213 563.
2448 4161 2568 4211 Jan.
2604 4159 2835 4208 Macrob.

705 4251 816 4304 Sat.
851 4251 977 4303 VH.
1030 4253 1112 4311 20,
1166 4251 1196 4299 7
1249 4265 1297 4314 Ρ.
1346 4251 1460 4300 607.
1532 4248 1639 4299 Sed
1693 4249 1846 4297 redeo
1902 4248 1969 4297 ad
2025 4246 2376 4313 Claudianum.
2446 4245 2529 4294 De
2582 4244 2839 4294 sententia

706 4337 838 4388 enim
873 4337 1166 4387 verborumz
1202 4334 1376 4386 mediis
1412 4341 1679 4386 exserta
1714 4333 2043 4384 tenebris“
2081 4349 2195 4384 cum
2231 4333 2333 4382 alia
2368 4346 2663 4397 comparare
2698 4345 2837 4379 com-

707 4423 910 4473 modum
969 4429 1070 4482 est,
1131 4434 1187 4472 ut
1223 4420 1432 4477 Gualth,
1467 4421 1622 4474 Alex,
1661 4421 1729 4470 Π.
1792 4423 1916 4471 227:
1977 4419 2384 4486 Explicitum
2445 4417 2731 4467 tenebris
2769 4441 2837 4450 --
