3234 4967
1356 368 1577 458 {idoct-
1623 369 1708 421 82.
2483 366 2600 433 133

453 594 842 660 saevasque
904 572 1226 637 exsolvite
1274 578 1572 659 grat-esst
1631 574 1696 637 in
1757 572 2218 661 Rehdigerano
2267 597 2596 657 saevas,

442 678 564 745 ΙΙΙ.
606 677 669 762 5,
717 678 834 744 483
880 678 1109 745 Latias
1155 678 1557 767 Grajasque
1604 678 1916 745 heroidas
1937 682 1977 717 “
2021 680 2089 744 in
2136 680 2368 745 eodem
2415 692 2597 767 gra-

432 786 599 873 jas,
648 785 694 848 1.
728 784 792 867 4,
830 786 907 849 11
956 783 1305 873 legesque
1351 784 1740 873 urbesque“
1784 786 1861 861 in,
1889 786 2107 851 Parm.
2139 786 2326 851 Rom.
2357 786 2596 852 Venet.

442 890 702 979 leges,
751 888 957 957 Theb.
1004 890 1128 956 IX.
1176 890 1337 957 5723
1386 891 1790 981 plantisque
1838 914 1925 958 ex
1971 915 2152 959 more
2201 892 2426 958 solutis
2443 886 2483 931 ‘⁸‘
2527 894 2598 959 in

444 996 710 1063 Scheftl.
744 996 1096 1086 plantis,
1145 996 1290 1063 ΧΠ.
1339 998 1501 1063 7273
1548 998 2180 1088 Langueseuntque
2224 1000 2437 1065 minae
2457 1004 2499 1037 “
2528 1000 2596 1065 in

443 1103 828 1169 Monacensi
874 1102 1081 1169 altero
1140 1102 1716 1191 languescunt,
1781 1105 1885 1170 ΠΙ.
1951 1105 2116 1171 4433
2176 1107 2596 1194 generisque

414 1210 893 1276 -tumentibus“
959 1210 1028 1275 in
1097 1210 1353 1276 Monac.
1412 1210 1467 1277 G
1528 1211 1864 1298 generis.
1922 1211 1980 1277 B
2033 1212 2370 1298 generis.
2427 1222 2595 1278 corr.

441 1316 892 1405 generisque,
925 1316 1044 1383 VI.
1072 1318 1234 1383 263:
1266 1315 1656 1404 vultusque
1687 1316 2080 1406 habitusque
2111 1316 2180 1381 in
2203 1317 2260 1382 B
2295 1316 2594 1400 vultus,

440 1420 678 1487 Achill.
710 1422 764 1487 I.
800 1422 955 1489 205:
1005 1422 1490 1511 Myconosque
1538 1422 1936 1511 humilisque
1969 1422 2293 1513 Seriphos
2309 1424 2420 1489 “in
2469 1446 2597 1489 om-

442 1528 635 1595 nibus
682 1528 1017 1595 codicibus
1062 1529 1455 1617 Myconos
1500 1529 1610 1604 (ef.
1649 1528 1872 1595 adnot.
1919 1552 1982 1594 v.
2015 1530 2101 1594 46
2149 1538 2218 1594 et
2263 1529 2346 1594 de
2389 1528 2596 1595 Theb.

442 1635 559 1701 IV.
608 1634 740 1701 319
789 1635 1012 1701 adnot.
1061 1658 1125 1701 v.
1177 1634 1313 1725 74),
1362 1636 1458 1701 ita
1505 1635 1685 1724 apud
1713 1633 2067 1721 Virgilium
2097 1633 2265 1701 Aen.
2298 1636 2403 1699 111.
2437 1634 2595 1700 2543

446 1749 845 1829 portusque
887 1741 1141 1807 intrare
1188 1740 1467 1807 licebit“
1514 1741 1582 1807 in
1626 1741 1837 1807 altero·
1865 1740 2268 1807 Menteliano
2313 1750 2598 1831 portus

444 1856 511 1912 et
570 1847 909 1913 Lucanum
952 1848 1074 1914 IV.
1122 1849 1247 1919 81:
1306 1846 1778 1936 Oceanumque
1839 1847 2006 1914 bibit
2063 1856 2454 1937 raptosque
2511 1846 2598 1913 ad

442 1952 672 2020 nubila
700 1953 984 2019 fluctus“
1012 1956 1079 2019 in
1113 1953 1355 2021 Guelff.
1389 1954 1630 2021 Hamb.
1665 1964 1967 2043 raptos.
2005 1956 2051 2019 1.
2085 1956 2158 2019 63
2187 1952 2596 2041 infestisque

448 2058 647 2126 obvia
692 2060 952 2147 signis“
999 2060 1299 2140 inFarn.
1334 2061 1525 2127 Caes.
1574 2062 1930 2126 infestis.
1965 2062 2090 2126 IX.
2138 2060 2301 2126 5773
2350 2060 2598 2124 mersit·

442 2188 591 2253 que
637 2165 764 2233 hoc
806 2164 1079 2255 pulvere
1131 2188 1359 2232 verum
1376 2171 1419 2205 “
1463 2168 1531 2231 in
1566 2166 1785 2235 Guelf.
1825 2166 1906 2231 12
1951 2168 2256 2233 mersit.
2349 2166 2599 2233 Contra

448 2272 628 2361 apud
694 2271 1005 2339 Ovidium
1075 2272 1236 2337 Met.
1306 2272 1461 2337 VII.
1536 2272 1702 2339 7233
1782 2266 2165 2339 Palladias
2239 2273 2390 2337 ineo
2464 2292 2597 2336 non

448 2378 946 2465 cognoscendus
965 2376 1275 2444 Athenas
1289 2383 1333 2416 “
1360 2376 1671 2445 Ambros.
1704 2377 2218 2467 Palladiasque.
2251 2376 2596 2445 claudian.

445 2484 698 2552 Ruf.·1.
731 2485 848 2550 91:
895 2485 1131 2573 Euripi
1176 2483 1469 2551 refluis
1515 2486 1832 2551 incertius
1878 2483 2129 2551 undis“
2175 2483 2352 2551 Med.
2386 2492 2596 2572 quart.

446 2591 638 2658 Leid.
674 2574 801 2659 sec‘.
838 2590 1111 2657 Grevart.
1158 2590 1384 2657 flavis
1402 2614 1499 2680 qu
1512 2616 1568 2657 e.
1621 2592 1748 2657 267
1765 2616 1782 2657 3
1829 2590 2186 2657 Servandis
2232 2590 2338 2657 hic
2382 2598 2599 2655 castra

446 2696 694 2765 bonis“
739 2698 941 2764 Fam.
973 2696 1495 2787 servandisque.
1540 2698 1642 2763 lv
1690 2697 1888 2765 Cons.
1934 2697 2110 2763 Hon.
2161 2696 2318 2763 164:
2366 2706 2600 2762 tracta-

442 2804 526 2868 sti
570 2801 854 2871 blandos
898 2804 1237 2870 interritus
1284 2826 1533 2891 angues
1550 2806 1593 2843 “
1638 2803 1793 2871 Jun.
1825 2802 2298 2892 blandosque.
2331 2803 2411 2869 B.
2445 2802 2594 2869 Get.

442 2910 611 2977 634:
680 2910 1017 2999 Quidquid
1064 2919 1169 2975 ter
1216 2908 1403 2975 denis
1450 2910 1668 2976 acies
1714 2910 2044 2977 amisimus
2088 2910 2276 2975 annis
2293 2914 2334 2948 “
2380 2908 2596 2976 Oxon.

442 3018 819 3106 aciesque.
883 3016 1175 3083 Martial.
1232 3016 1357 3083 XI.
1421 3018 1525 3101 16,
1586 3017 1654 3082 73
1713 3016 1818 3083 Tu
1874 3038 2132 3105 quoque
2190 3016 2596 3105 nequitias

452 3124 665 3189 nostri
723 3122 1031 3212 lususque
1093 3120 1350 3189 libelli“
1398 3123 1656 3190 Thuan.
1702 3123 2036 3211 nequitias
2053 3142 2230 3211 que3
2285 3122 2402 3188 sed
2448 3140 2600 3211 quo-

449 3230 629 3295 niam
688 3230 840 3297 finis
884 3252 1017 3296 non
1064 3229 1255 3313 foret,
1314 3231 1368 3295 si
1421 3232 1490 3296 in
1536 3230 1660 3296 hac
1704 3238 1892 3318 parte
1940 3230 2298 3317 exspatiari
2343 3228 2599 3312 vellem,

442 3344 742 3425 praestat
802 3336 1179 3402 testimonio
1238 3337 1652 3425 acquiescere
1717 3336 1926 3403 Coi-tii
1985 3335 2231 3401 Lucan.
2290 3336 2411 3401 lv.
2468 3336 2600 3401 495

444 3466 510 3531 p.
561 3442 713 3509 272.
804 3442 977 3509 Nam
1024 3444 1143 3509 vix
1190 3442 1461 3509 dubium
1516 3452 1637 3527 est,
1699 3442 1857 3531 quin
1901 3464 2047 3519 eam
2092 3441 2394 3509 voculam
2438 3443 2602 3509 intu-

453 3548 654 3615 lerint
682 3550 751 3633 ii,
802 3550 914 3638 qui
944 3571 1063 3637 pro
1096 3548 1467 3616 resolvens
1513 3549 1867 3615 resolvam
1899 3549 2182 3637 prodere
2215 3550 2601 3637 coepissent.

448 3655 865 3744 Quamquam
926 3678 1059 3721 non
1122 3654 1456 3723 dissimulo
1525 3678 1755 3745 parum
1826 3656 2042 3723 adhue
2107 3655 2376 3745 liquere,
2446 3655 2605 3744 quid

448 3762 720 3829 tandem
767 3762 839 3827 in
870 3760 1335 3850 Rehdigerano
1382 3771 1593 3847 extet3
1642 3764 1710 3828 in
1758 3763 2087 3829 diversum
2135 3764 2307 3828 enim
2336 3760 2605 3827 trahunt

451 3867 636 3935 nulla
703 3869 887 3935 vocis
957 3878 1035 3934 et
1101 3870 1279 3936 facta
1338 3870 1670 3936 mentione
1731 3868 2048 3957 Silligius:
2119 3919 2160 3954 „
2175 3878 2438 3959 questus
2452 3890 2598 3957 que

446 3973 580 4040 def.
632 3973 1037 4041 vulnera“
1086 3984 1153 4041 et
1202 3974 1569 4059 Queckius:
1619 3978 1742 4061 „in
1779 3976 1975 4043 Vrat.
2023 3984 2356 4065 questus
2403 4024 2420 4041 .
2469 4026 2484 4045 .
2536 4024 2554 4039 .

454 4080 803 4148 deficiente
861 4084 1040 4146 ne.“
1128 4080 1221 4148 Et
1272 4082 1443 4148 hunc
1487 4083 1752 4172 quidem
1797 4082 1966 4150 hanc
2011 4081 2384 4171 corrigendi
2431 4082 2604 4149 viam

456 4187 828 4275 ingressum
876 4210 942 4277 p.
991 4187 1279 4255 XXVn:
1340 4190 1627 4279 „scripsi
1688 4191 1899 4280 primo
1959 4191 2251 4278 genitum
2308 4188 2604 4277 Inplicui

446 4293 740 4383 fixique
786 4294 969 4379 mihi,
1002 4294 1123 4359 cui
1176 4294 1387 4362 verba
1432 4318 1754 4386 sonosque
1800 4298 2182 4381 monstravi,
2230 4305 2601 4386 questusne

452 4410 521 4468 et
580 4398 931 4468 vulnera
990 4422 1191 4467 caeca
1248 4394 1660 4471 resolvam?
1719 4402 1762 4469 i.
1825 4426 1878 4471 e.
1946 4424 2068 4491 ego
2117 4401 2404 4496 inplicui,
2463 4402 2600 4483 fixi,
