3234 4967
1362 396 1594 450 Adnol.
1634 398 1728 448 49.
2538 392 2617 456 77

469 605 830 670 sententiae
842 603 1181 668 Heinsium
1204 601 1357 667 inde
1381 601 1639 688 collige,
1666 599 1839 688 quod
1862 598 2054 666 haec:
2080 598 2327 666 Statius
2339 599 2614 688 Epiced.

467 712 532 775 in
567 709 884 775 Filium:
933 709 1226 774 Verum
1258 717 1406 772 eat.
1442 708 1532 772 sic
1561 706 1938 794 legendum..
1969 728 2241 772 verum
2272 729 2393 795 pro
2426 707 2615 773 sed“

470 818 708 882 omissa
737 824 889 880 sunt
920 837 960 879 a
989 814 1364 879 Burmanno
1388 838 1450 901 p.
1477 813 1624 878 325.
1682 813 1872 896 1018,
1922 811 2083 878 haec
2131 822 2346 878 autem
2372 811 2607 878 verba:

468 920 786 1009 ‚,Epiced.
837 922 903 984 in
951 919 1294 984 Filium“
1337 920 1477 1006 ipse
1525 919 1799 984 Heinsio
1846 928 1996 1006 post
2053 919 2424 1006 improbata
2468 928 2617 985 sunt

469 1028 602 1094 vid.
650 1026 867 1092 adnot.
918 1049 981 1114 p.
1034 1027 1136 1091 11.
1193 1025 1520 1114 Equidem
1577 1046 1710 1090 non
1758 1024 1951 1091 dubie
1998 1047 2283 1110 agnosco
2330 1041 2621 1091 ‘errorem

470 1133 904 1215 librariorum,
953 1134 1065 1220 qui
1121 1154 1316 1220 quum
1373 1132 1684 1219 scriptum
1743 1130 2142 1218 reperissent
2196 1155 2373 1197 vvm
2432 1155 2467 1197 e
2486 1155 2575 1198 ra
2594 1143 2622 1197 t

471 1249 722 1311 tantum
769 1239 974 1306 abluit
1019 1251 1094 1305 ut
1139 1249 1488 1306 exararent
1542 1237 1925 1321 vulnerat,
1974 1248 2046 1303 ut
2104 1235 2621 1325 vulgatissimam

471 1356 691 1411 notam
753 1343 1056 1411 vocabuli
1112 1367 1386 1411 verum
1448 1343 1681 1433 (v’um
1740 1343 1939 1433 erat)
2009 1343 2213 1409 oculis
2268 1365 2619 1433 usurpasse

470 1452 597 1518 sibi
657 1453 1058 1518 viderentur.
1162 1451 1266 1515 De
1313 1473 1442 1538 quo
1488 1473 1713 1516 errore
1760 1451 2172 1516 existimatur
2202 1460 2289 1516 'et
2332 1473 2417 1515 ex
2461 1451 2622 1516 locis

475 1561 574 1641 iis„
614 1559 844 1646 quibus
874 1558 1126 1624 litteras
1172 1555 1256 1622 lu
1293 1547 1368 1623 'et
1395 1560 1505 1642 vi,
1538 1559 1622 1622 ni
1672 1557 1724 1646 (l
1738 1580 1971 1623 uxere:
2012 1560 2289 1622 misere.
2322 1556 2623 1623 liberior:

405 1717 416 1725 .
473 1665 783 1731 uberior.
820 1663 1008 1728 lusu:
1041 1663 1240 1742 visu)
1285 1665 1645 1750 permixtas
1675 1663 1873 1729 fuisse
1906 1663 2243 1729 docuimus
2289 1686 2351 1728 v.
2402 1663 2509 1747 24,
2558 1671 2625 1728 et

474 1793 560 1836 ex
606 1769 952 1836 Claudiani
999 1769 1142 1835 loco
1188 1769 1266 1835 L.
1329 1768 1550 1836 Seren.
1602 1771 1715 1840 87:
1776 1769 2041 1837 Ubera
2096 1771 2308 1859 prima
2354 1769 2620 1835 dabant.

474 1877 711 1942 Moret.
759 1900 860 1964 pr.
909 1876 1236 1942 Verbera
1268 1874 1382 1965 (cf.
1417 1876 1568 1942 Rus.
1601 1875 1668 1941 ll.
1716 1877 1845 1942 396
1884 1877 2369 1942 muneribus.
2418 1874 2615 1943 codd.

474 2007 539 2070 p.
590 1982 716 2048 767
773 1981 1240 2048 verberibus.
1291 1968 1729 2048 vulneribus.
1824 1981 2095 2066 Quintil.
2157 1983 2341 2048 Decl.
2400 1981 2485 2046 lll.
2540 1981 2618 2046 17

474 2111 538 2176 p.
603 2088 687 2153 73
746 2086 1199 2155 verberibuS.
1262 2089 1453 2154 Witt.
1513 2088 1949 2156 vulneribus.
2010 2089 2238 2156 Barth.
2302 2087 2505 2154 Theb.
2555 2085 2621 2154 ll.

481 2195 610 2259 173
658 2216 724 2281 p.
773 2193 952 2283 359).
1051 2195 1202 2260 Sen.
1263 2194 1463 2261 Herc.
1511 2193 1661 2260 Oet.
1715 2194 1921 2260 1670:
1980 2207 2201 2261 vastos
2258 2193 2509 2259 ubera
2556 2195 2626 2260 in

471 2299 782 2388 planctus
828 2300 998 2365 ferit.
1031 2299 1210 2366 Flor.
1260 2311 1446 2367 vasto
1498 2301 1839 2367 verbere
1886 2299 2157 2389 aliisque
2200 2298 2442 2384 multis,
2490 2299 2627 2388 qui-

475 2407 602 2472 bus
651 2403 942 2494 syllabae
1003 2427 1086 2472 er
1139 2416 1362 2473 notam
1407 2416 1655 2473 temere
1704 2406 1995 2473 additam
2042 2407 2371 2493 arguimus
2426 2404 2623 2492 Valg.

476 2536 541 2601 p.
588 2513 678 2578 45
721 2533 817 2600 sq.
891 2511 1087 2593 Quod
1157 2522 1385 2579 contra
1452 2513 1699 2578 factum
1767 2522 1867 2579 est
1932 2513 2001 2577 in
2070 2521 2365 2577 extremo
2432 2511 2623 2601 hujus

479 2617 744 2705 eclogae
769 2639 984 2702 versu,
1009 2618 1122 2684 ubi
1148 2617 1627 2707 quodversus
1656 2616 1903 2708 (usus)
1932 2629 2091 2703 erat,
2117 2616 2369 2684 librarii
2406 2619 2624 2684 risus

479 2723 591 2813 (cf.
633 2725 881 2790 adnott.
904 2747 967 2790 v.
993 2723 1287 2814 46—48)
1312 2733 1623 2812 putarunt
1658 2745 1821 2808 esse,
1860 2733 1927 2790 et
1950 2725 2127 2812 apud
2152 2723 2657 2806 Quintilianum·

478 2827 662 2896 Decl.
709 2829 891 2896 XlX.
944 2830 1028 2894 12
1070 2853 1134 2918 p.
1183 2831 1311 2896 373
1358 2829 1691 2896 verbera.
1760 2830 1953 2897 Witt.
2020 2831 2304 2898 verba.
2397 2832 2620 2898 Burm.

481 2935 822 3002 Claudian.
893 2933 1072 3002 Mall.
1143 2931 1394 3001 Theod.
1466 2937 1596 3002 223
1664 2960 1729 3026 p.
1802 2935 1931 3002 256
1978 2937 2059 3002 cf.
2131 2937 2291 3004 Silv.
2347 2937 2413 3004 ll.
2478 2940 2535 3022 1,
2584 2938 2625 3003 5

479 3041 677 3110 verb
691 3065 748 3108 a.
797 3039 1007 3108 Rehd.
1053 3041 1266 3108 urba.
1356 3042 1589 3131 Itaque
1624 3065 1791 3131 quae
1824 3065 1958 3109 vox
1990 3045 2249 3132 saepius
2278 3045 2347 3110 in
2379 3045 2625 3110 alienas

481 3149 672 3214 sedes
717 3149 958 3214 invasit
1018 3147 1272 3238 (adnot.
1341 3171 1407 3215 v.
1466 3149 1620 3238 39),
1690 3151 1837 3238 ipsa
1884 3152 2025 3238 jam
2082 3151 2321 3218 accidit
2376 3160 2450 3217 ut
2508 3173 2624 3217 suo

479 3253 624 3320 loco
679 3263 1108 3322 moveretur.·
1176 3254 1355 3336 Quid
1413 3265 1630 3321 autem
1688 3256 2115 3344 gravissimae
2177 3258 2623 3346 objurgationi

479 3362 692 3449 potuit
738 3361 968 3452 subjici
1015 3364 1229 3451 aptius
1275 3363 1396 3428 hac
1443 3364 1903 3431 excusatione:

686 3483 982 3541 Vulnere
1021 3491 1082 3540 at
1117 3485 1430 3560 absumptae
1468 3489 1608 3542 vires
1647 3495 1697 3541 et
1734 3489 1887 3558 copia
1927 3486 2069 3541 fandi

687 3571 838 3626 Nulla
875 3569 1042 3626 mihi?

481 3672 620 3739 Nec
661 3672 825 3740 illud
879 3673 1141 3763 quidem
1201 3675 1757 3763 praetereundum
1816 3683 1917 3741 est
1976 3674 2191 3740 videri
2252 3671 2491 3741 vulne
2508 3673 2579 3739 ri
2597 3697 2627 3738 s

481 3781 811 3848 mentione
858 3803 1020 3869 opus
1067 3781 1266 3847 fuisse
1309 3780 1418 3849 vel
1448 3791 1820 3870 propterea,
1866 3801 1951 3846 ne
1984 3781 2127 3869 quis
2155 3782 2330 3846 vires
2361 3788 2630 3868 putaret

484 3888 756 3954 aliena
801 3887 1080 3953 damna
1139 3886 1492 3954 dolendo
1553 3887 1932 3976 absumptas
1992 3888 2211 3952 fuisse.
2270 3885 2375 3952 Of.
2438 3886 2627 3974 Vi'rg.

481 3992 646 4060 Aen.
706 3992 838 4060 Vll.
887 3995 1011 4060 301
1035 4020 1053 4062 ε·
1097 3993 1588 4083 Absumptae
1619 3993 1689 4058 in
1732 3993 2021 4060 Teucros
2067 3995 2289 4060 vires
2334 3991 2629 4083 coelique

482 4101 878 4188 marisque.“
926 4097 1121 4165 Ovid.
1155 4100 1314 4165 Met.
1339 4099 1488 4166 XV.
1523 4100 1682 4166 353:
1714 4099 2170 4189 absumptis
2215 4123 2335 4188 per
2364 4099 2629 4188 longum

484 4206 814 4273 viribus
869 4208 1176 4272 aevum.“
1221 4203 1263 4270 l.
1311 4204 1472 4270 543:
1519 4204 1862 4273 Viribus
1910 4205 2361 4294 absumptis
2408 4206 2630 4295 expal-

482 4311 603 4377 luit
631 4310 813 4378 illa.“
843 4311 933 4377 nl.
981 4313 1144 4378 693:
1176 4321 1249 4377 ut
1280 4312 1380 4376 ira
1407 4333 1594 4378 mora
1626 4313 1847 4378 vires
1879 4310 2307 4378 absumere
2341 4317 2632 4400 posset.“

483 4417 836 4493 Columell.,
870 4417 937 4483 ll.
994 4421 1093 4502 13,
1143 4420 1218 4492 2:
1249 4439 1472 4484 sucum
1517 4441 1771 4485 omnem
1822 4419 1959 4484 solo
2011 4421 2311 4486 auferent
2340 4421 2627 4506 vimque
