3234 4967
644 328 728 392 42
1538 330 1767 382 Adnot.
1810 331 1903 381 27.

646 508 1117 601 commentatus
1175 539 1242 601 in
1289 535 1402 601 Sil.
1436 534 1595 600 Xlll.
1650 535 1776 600 118
1824 559 1889 622 p.
1938 534 2071 599 642
2118 533 2313 600 Statii
2358 534 2577 621 potius
2624 533 2795 598 hunc

644 640 880 723 locum,
929 663 1122 728 quam
1171 641 1395 707 Ovidii
1445 643 1602 706 Met.
1652 640 1765 706 Xl.
1819 640 1945 705 154
1991 641 2469 727 perstrinxerit.

1593 811 1675 891 V.
1739 812 1850 892 27.

821 958 972 1042 „Et
1027 957 1136 1022 hic
1192 981 1422 1024 versus
1479 957 1813 1024 mutilatus
1869 960 1938 1024 in
1996 958 2139 1024 aliis
2196 957 2530 1025 codicibus
2575 958 2669 1023 ita
2713 958 2799 1022 le·

645 1065 854 1150 gitur:
941 1087 1127 1130 orsa
1203 1074 1324 1129 est
1400 1075 1647 1152 atquc
1724 1067 1850 1128 ira
1927 1064 2271 1129 tacendi
2345 1064 2795 1151 impatiens..

646 1169 780 1235 Sed
823 1193 942 1234 nos
989 1171 1083 1235 ita
1129 1170 1651 1236 emendavimus:
1726 1192 1875 1234 orsa
1946 1168 2179 1236 dolor
2248 1168 2665 1257 prohibet,
2726 1179 2799 1234 ut

647 1275 851 1340 dicat:
909 1276 1216 1362 Pugnant
1275 1277 1343 1339 in
1398 1299 1502 1340 me
1561 1274 1751 1340 dolor
1804 1285 1871 1340 et
1914 1277 2035 1341 ira.
2128 1275 2299 1340 Nam
2345 1275 2621 1340 alterum
2664 1297 2797 1340 non

649 1381 800 1446 sinit
847 1403 947 1445 me
994 1381 1202 1468 loqui:
1250 1383 1350 1446 ira
1393 1403 1553 1446 vero
1602 1383 1779 1468 cogit
1824 1403 2167 1470 erumpere
2215 1383 2284 1446 in
2328 1403 2546 1464 voces,
2594 1391 2667 1446 ut
2708 1383 2799 1446 in·

649 1509 864 1552 cusem
929 1487 1108 1552 deos.
1203 1485 1472 1574 Syllaba
1528 1486 2073 1574 hephthemimeri
2120 1487 2510 1554 defenditur.
2601 1487 2799 1574 Equi-

649 1593 796 1658 dem
850 1593 1222 1658 maluissem
1267 1594 1527 1680 Papinii
1572 1595 1900 1679 integrum
1947 1603 2178 1659 extare
2225 1616 2507 1660 carmen.
2602 1593 2799 1676 Quod

647 1701 702 1764 si
749 1700 893 1787 quis
941 1699 1062 1763 hoc
1109 1723 1148 1763 a
1195 1699 1382 1764 nobis
1431 1708 1819 1784 arroganter
1862 1701 2108 1764 factum
2152 1709 2359 1787 putat,
2398 1709 2512 1764 aut
2556 1701 2697 1786 ipse
2745 1700 2798 1762 si

644 1815 861 1892 potest
903 1804 1210 1869 emendet
1253 1802 1482 1868 melius
1520 1814 1635 1868 aut
1664 1807 1958 1892 patiatur
1988 1806 2316 1890 integrum
2345 1804 2481 1890 legi
2510 1825 2794 1886 carmen,

644 1911 822 1998 quod
867 1909 1198 1974 hiantibus
1246 1908 1525 1996 pedibus
1573 1919 1641 1974 ct
1688 1909 1954 1997 syllabis
1984 1909 2397 1993 fatiscebat.“
2470 1909 2657 1974 Haec
2703 1910 2797 1973 ita

645 2016 994 2081 Domitius.
1067 2015 1256 2097 Quae
1287 2014 1654 2102 probarunt
1683 2015 2232 2102 Lindenbrogius,
2258 2016 2573 2081 Heinsius
2603 2013 2795 2100 Eleg.

646 2121 733 2187 ad
776 2122 923 2186 Liv.
955 2120 1129 2206 Aug.
1163 2121 1294 2185 210
1334 2144 1400 2208 p.
1435 2121 1584 2205 811,
1619 2122 1746 2186 nisi
1788 2121 1967 2210 quod
2006 2121 2185 2186 idem
2214 2119 2391 2186 Adv.
2423 2121 2479 2186 Ι.
2514 2122 2576 2185 2.
2608 2145 2676 2208 p.
2716 2120 2797 2184 16

647 2226 926 2316 „prohib
941 2236 1072 2292 eznt
1125 2236 1334 2292 metro
1383 2226 1673 2292 dandum
1690 2230 1731 2264 “
1779 2228 2211 2310 existimavit,
2260 2227 2573 2309 Barthius
2619 2225 2792 2292 Adv.

647 2332 806 2400 Xlll.
856 2335 940 2398 10
981 2358 1048 2422 p.
1084 2333 1210 2399 729
1259 2342 1327 2398 et
1369 2331 1721 2398 Animadv.
1769 2354 1833 2420 p.
1866 2331 1998 2398 503
2046 2333 2160 2415 ita,
2209 2341 2284 2397 ut
2330 2333 2609 2421 amplius
2656 2355 2800 2404 cen-

647 2449 820 2506 seret
879 2437 1294 2504 scribendum
1363 2458 1534 2504 esse:
1596 2438 1896 2525 datque
1956 2439 2109 2524 ira3
2182 2439 2668 2526 improbarunt,
2728 2447 2801 2502 ut

649 2546 718 2612 in
746 2570 811 2611 v.
839 2545 927 2610 24
949 2569 1014 2633 p.
1041 2546 1124 2611 37
1153 2545 1457 2628 dixiumS,
1487 2544 1868 2610 Gronovius
1892 2553 1961 2609 et
1983 2543 2444 2626 Marklandus,
2468 2567 2680 2633 nuper
2701 2543 2803 2608 his

647 2651 1071 2719 Duebnerus:
1119 2651 1340 2740 „quod
1373 2651 1621 2716 editum
1668 2661 1785 2734 est,
1819 2651 2114 2716 Domitio
2162 2660 2229 2714 et
2257 2651 2471 2738 ipsum
2503 2649 2799 2732 debetur,

650 2757 768 2823 sed
811 2757 920 2823 vel
969 2759 1050 2823 ob
1105 2759 1440 2822 metricam
1489 2754 1861 2822 libertatem
1912 2765 2317 2843 suspectum,
2366 2755 2623 2842 qualem
2667 2777 2797 2820 non

647 2887 936 2953 unquam
1011 2865 1134 2930 sibi
1169 2909 1172 2912 -
1203 2862 1586 2948 indulgebat
1658 2863 1971 2928 Statius.“
2082 2861 2269 2928 Idem
2339 2872 2440 2927 est
2506 2871 2797 2927 nostrum

637 2971 988 3060 judicium3
1037 2995 1186 3037 nam
1235 2982 1301 3036 et
1347 2971 1674 3036 sententia
1716 2971 1910 3056 longe
1961 2969 2141 3035 aliud
2186 2969 2453 3034 videtur
2496 2968 2797 3055 flagitare

650 3090 717 3144 et
761 3079 1222 3168 proferendum
1269 3077 1399 3143 tale
1447 3076 1694 3165 aliquid
1738 3078 1878 3159 fuit,
1924 3099 2010 3140 ex
2056 3099 2184 3164 quo
2218 3076 2563 3140 manifesto
2606 3097 2801 3164 appa-

647 3197 825 3251 reret
871 3207 1102 3249 caussa
1144 3185 1536 3268 detrimenti,
1585 3184 1691 3248 cui
1724 3182 2141 3248 resarciendo
2182 3205 2267 3246 ne
2299 3181 2800 3267 Rehdigeranus

650 3292 915 3382 quidem
960 3289 1126 3355 liber
1173 3302 1286 3357 aut
1328 3293 1586 3356 Veneta
1634 3290 1837 3355 editio
1886 3289 2240 3376 quidquam
2288 3288 2571 3353 confert:
2620 3310 2801 3353 orsa

651 3409 772 3466 est
828 3409 1060 3484 atque
1115 3399 1236 3462 ira
1301 3397 1648 3462 tacendi.
1740 3393 2276 3463 Commendabile
2348 3404 2567 3459 autem
2629 3402 2801 3460 utra·

651 3527 777 3594 que
847 3527 1079 3570 caussa
1142 3501 1302 3568 facit
1353 3502 1424 3566 id
1485 3484 2034 3588 supplementumJ
2092 3499 2269 3589 quod
2313 3500 2501 3567 nobis
2548 3499 2799 3566 subitus

651 3610 831 3678 calor
876 3610 1228 3697 suggessit3
1289 3607 1447 3697 quid
1506 3609 1678 3672 enim
1724 3629 1859 3672 non
1905 3607 2219 3695 profitear
2262 3609 2421 3694 ipsis
2466 3607 2579 3689 iis,
2632 3629 2799 3694 quae

652 3718 996 3785 illaborata
1043 3725 1194 3782 sunt
1240 3725 1436 3804 atque
1484 3715 1655 3780 ultro
1704 3714 1929 3798 obvia,
1989 3735 2458 3802 saepenumero
2506 3714 2800 3802 superari

655 3824 760 3890 vel
790 3825 1290 3890 intentissimam
1319 3823 1624 3886 nimirum
1647 3829 1993 3910 poetarum
2024 3820 2208 3886 libris
2238 3820 2567 3908 percursis
2592 3819 2799 3904 magis

656 3953 850 4018 quam
906 3928 1241 4018 perlectis,
1299 3935 1375 3992 ut
1419 3927 1557 3992 fere
1605 3925 1879 4009 assolet,
1938 3925 2399 3992 desudantium
2456 3946 2677 3990 curam
2734 3935 2801 3989 et

655 4034 1105 4101 molitionem?
1151 4035 1196 4100 J
1199 4058 1303 4100 am
1332 4055 1497 4100 vero
1549 4033 1693 4121 quis
1727 4042 1849 4116 est,=
1880 4033 1992 4121 qui
2021 4027 2343 4097 infitietur
2369 4053 2601 4120 parum
2630 4033 2804 4096 inter

655 4161 724 4206 se
773 4139 1040 4206 differre
1086 4139 1282 4206 hacc:
1332 4162 1519 4205 acce
1567 4141 1687 4205 ira
1734 4147 1818 4204 ta
1864 4149 1933 4204 et
1979 4139 2198 4203 acuit
2243 4135 2467 4204 rabi?
2514 4146 2627 4203 aut
2670 4159 2802 4202 non

654 4255 1038 4335 perceptum
1085 4245 1326 4311 habeat
1355 4245 1652 4312 voculam
1706 4254 1830 4310 est
1876 4245 2099 4334 (quam
2155 4243 2307 4309 nolo
2362 4244 2803 4330 argumentari
