3234 4967
655 387 742 451 80
1354 457 1360 466 .
1555 369 1777 442 Adnoi.
1816 391 1906 442 52.

652 592 1067 682 proposuisse
1138 589 1290 658 hoc:
1362 589 1508 680 (mi)
1577 590 1852 678 caligine
1924 615 2189 661 merso
2260 595 2546 684 (Obvius
2616 600 2805 666 adfer

651 699 893 790 opem).
988 694 1182 779 Quod
1229 719 1421 784 quum
1481 695 1855 764 Gronovius
1914 703 2297 787 sprevisset,
2345 703 2799 792 Marklandus,

649 807 761 895 qui
808 804 974 870 adeo
1019 825 1151 868 non
1197 803 1465 891 sprevit,
1513 812 1584 868 ut
1634 802 1830 870 allato
1880 803 2104 873 Ovidii
2148 806 2291 873 loco
2346 808 2505 875 Met.
2552 811 2594 884 l,
2640 813 2801 880 380:

647 912 932 978 mersis
978 910 1078 974 fer
1125 931 1315 996 opem
1359 909 1701 974 mitissima
1733 911 1945 977 rebus.
1979 911 2221 978 Moret.
2269 918 2623 984 moestis
2670 941 2801 984 cer-

647 1021 965 1085 tissimum
1013 1037 1154 1080 esse
1203 1014 1578 1100 affirmaret,
1628 1027 1958 1104 tamquam
1992 1029 2223 1108 suopte
2274 1020 2481 1108 ipsius
2530 1023 2798 1110 ingenio

646 1129 983 1191 inventum
1051 1122 1264 1188 Statio
1331 1121 1644 1188 reddidit.
1716 1123 1851 1190 Sed
1920 1124 2078 1211 quid
2134 1124 2457 1192 Gronovii
2516 1131 2796 1196 amicum

645 1230 906 1298 refero?
931 1229 1202 1295 Heinsio
1229 1229 1400 1292 enim
1424 1225 1567 1294 laus
1588 1227 1703 1294 illa
1726 1238 2228 1318 quantacunque
2255 1240 2354 1297 est
2379 1234 2795 1320 vindicanda,

646 1340 759 1427 qui
803 1335 976 1402 Adv.
1023 1332 1130 1400 lV.
1174 1334 1218 1398 4
1249 1358 1313 1422 p.
1347 1331 1476 1398 595
1507 1333 1672 1400 haec
1703 1335 2073 1401 adnotavit:
2120 1335 2447 1424 „caligine
2479 1351 2795 1408 maestum

646 1443 910 1511 Obruis.
955 1441 1314 1507 Maestus
1335 1442 1477 1528 jam
1507 1443 1885 1529 praecessit.
1918 1452 2079 1530 puto
2113 1440 2393 1530 caligine
2425 1469 2585 1512 mer
2606 1470 2789 1514 sum.

643 1548 1016 1616 Thebaidos
1083 1545 1196 1612 lX.
1256 1545 1364 1636 [X.
1415 1544 1596 1635 735J:
1646 1546 1739 1612 illi
1788 1556 1933 1613 atra
1998 1571 2347 1614 mersum
2417 1551 2788 1640 caligine

644 1665 874 1745 pectus
923 1652 1290 1720 Confundit
1339 1657 1633 1735 sensus“‚
1683 1655 1787 1718 cui
1833 1653 1977 1720 loco
2022 1655 2261 1749 adjicio
2310 1656 2417 1725 Vl.
2466 1656 2629 1727 51οε
2676 1683 2795 1725 ca-

642 1763 699 1827 li
715 1764 897 1848 gine
944 1781 1287 1824 mersum
1319 1757 1538 1843 Erigit
1568 1765 1952 1846 -caput.“
1986 1770 2051 1826 et
2098 1761 2212 1828 Sil.
2261 1760 2327 1827 ll.
2376 1764 2547 1829 infra
2604 1767 2788 1832 affer.

641 1869 888 1932 Auson.
936 1865 1268 1952 Technop.
1328 1887 1392 1952 p.
1463 1864 1626 1929 474:
1681 1865 1936 1931 inferna
2003 1868 2297 1954 mergit
2375 1869 2793 1956 caligine.“

642 1971 916 2038 Tertull.
987 1970 1136 2036 adv.
1207 1970 1412 2034 Marc.
1481 1969 1524 2034 l.
1596 1994 1657 2058 Ρ.
1732 1971 1883 2036 257.
1954 1973 2048 2038 A:
2120 1984 2371 2040 mentes
2438 1975 2789 2062 caligine

639 2101 965 2146 mersas,
1048 2075 1320 2165 Joseph.
1391 2076 1612 2141 Jscan.
1676 2075 1783 2143 lv.
1850 2079 2013 2144 280:
2076 2083 2359 2146 mersit
2428 2082 2785 2168 caligine

639 2186 860 2253 fati.“
979 2183 1079 2248 Ac
1167 2181 1506 2271 praeclare
1593 2183 1655 2247 ei
1768 2183 2035 2250 consilio
2124 2188 2522 2273 suffragatur
2610 2189 2781 2254 simi-

639 2291 844 2359 litudo
933 2288 1378 2377 exemplorum
1467 2289 1729 2375 Virgilii
1820 2289 1987 2357 Aen.
2078 2290 2121 2361 l.
2193 2294 2310 2357 69:
2380 2293 2789 2377 „submer-

639 2419 926 2487 sasque
962 2395 1206 2462 obrue
1239 2399 1538 2483 puppes“
1569 2403 1637 2460 et
1667 2396 1844 2483 quod
1874 2395 2338 2463 Marklandum
2370 2422 2500 2464 non
2530 2399 2782 2484 fefellit,

640 2505 722 2572 ab
789 2489 1046 2570 Jacobo
1118 2511 1335 2568 autem
1387 2502 1657 2584 Quaest.
1717 2501 1907 2590 Epic.
1966 2500 2034 2568 ll.
2082 2503 2147 2588 4,
2206 2505 2249 2569 4
2293 2529 2359 2594 p.
2421 2505 2543 2570 151
2605 2527 2788 2592 prae-

634 2612 899 2678 teritum
946 2617 1065 2692 est,
1115 2605 1341 2675 Ovidii
1386 2607 1545 2673 Met.
1577 2606 1689 2673 Xl.
1738 2607 1901 2674 569:
1949 2619 2144 2698 rupta
2190 2627 2537 2677 mersum
2583 2621 2781 2700 caput

639 2716 918 2783 obruit
962 2714 1208 2779 unda.“
1256 2713 1408 2781 add.
1457 2712 1743 2780 Martial.
1790 2703 1921 2780 lx.
1951 2714 2059 2798 40,
2111 2717 2182 2781 7:
2231 2717 2544 2783 Mersus
2590 2716 2785 2782 fluc-

637 2823 863 2891 tibus
911 2820 1400 2908 obrutusque
1447 2825 1698 2908 p’onto“
1742 2820 1823 2885 cf.
1872 2821 2120 2909 Wopk.
2154 2822 2375 2888 Sedul.
2423 2823 2489 2889 ll.
2542 2823 2667 2888 117
2715 2846 2779 2911 p.

641 2931 767 2996 113
817 2951 912 3016 sq.
963 2925 1076 2994 Sil.
1123 2921 1290 2992 Vlll.'
1309 2925 1431 2992 45:
1465 2925 1849 3024 ambagibus
1883 2928 2032 2994 aevi
2080 2925 2287 2993 Obte
2304 2929 2529 3014 gitur
2577 2928 2782 2995 densa

635 3036 998 3122 caligine
1045 3054 1314 3099 mersa
1356 3037 1721 3098 vetustas.“
1764 3032 1875 3099 Xl.
1929 3034 2087 3099 122:
2134 3035 2451 3118 Tantane,
2502 3037 2785 3124 omnipo-

637 3155 804 3227 tens,
853 3139 1212 3226 caligine
1259 3162 1512 3205 mersa
1556 3139 1818 3204 latere
1891 3141 2055 3207 Fata
2102 3138 2364 3227 placet?
2424 3141 2576 3208 Sen.
2635 3140 2781 3207 Oct.

508 3307 522 3320 .
635 3249 787 3316 267.
845 3248 1009 3314 Stat.
1058 3244 1340 3312 ·Si1v.11.
1378 3247 1435 3329 1,
1481 3247 1644 3312 219τ
1692 3246 1865 3312 tollis
1910 3245 2135 3312 luctu
2166 3249 2508 3312 mersum
2540 3251 2783 3336 caput“

635 3357 718 3422 cf.
743 3355 972 3420 Heins.
997 3350 1172 3421 Adv.
1205 3351 1274 3416 ll.
1325 3353 1410 3416 10
1453 3374 1517 3439 p.
1552 3353 1681 3417 279
1716 3377 1809 3441 sq.
1843 3354 1945 3419 De
1978 3354 2317 3442 utriusque
2350 3343 2567 3420 autem
2599 3354 2782 3420 vocis

633 3461 1109 3552 permutatione
1167 3457 1440 3525 alterum
1500 3456 1727 3524 Ovidii
1784 3459 1939 3525 licet
1994 3459 2241 3526 addere
2301 3459 2520 3527 locum
2576 3462 2775 3526 Trist.

631 3568 722 3634 lll.
775 3568 878 3651 11,
926 3567 1044 3633 38:
1093 3565 1227 3649 „Et
1272 3574 1492 3631 tamen
1541 3576 1640 3632 est
1708 3588 1837 3630 uno
1874 3565 2102 3655 judice
2171 3588 2427 3633 mersa
2480 3572 2779 3656 parum.“

632 3675 800 3740 Bon.
851 3673 1157 3761 Gottorp.
1207 3672 1403 3738 Crev.
1450 3681 1763 3737 moesta
1809 3671 2015 3761 (quod
2046 3673 2258 3762 ipsum
2304 3674 2372 3738 in
2402 3672 2552 3738 Am.
2600 3672 2665 3738 ll.
2714 3674 2775 3756 6,

630 3781 672 3846 5
699 3782 793 3847 sic
814 3780 1096 3869 positum
1110 3778 1426 3847 :Horrida
1447 3801 1568 3867 pro
1593 3802 1658 3843 m
1672 3799 1757 3844 oe
1776 3786 1840 3843 st
1858 3779 1923 3843 is
1949 3775 2228 3845 lanietur
2240 3777 2461 3867 pluma
2484 3779 2778 3868 capillis“

631 3887 953 3952 immerito
1001 3887 1071 3952 in
1117 3886 1659 3974 disceptationem
1707 3893 2012 3950 vocatum
2058 3908 2099 3952 a
2126 3882 2502 3950 But-manno
2533 3909 2599 3974 p.
2644 3886 2777 3951 415

633 4016 773 4060 esse
823 3992 1059 4059 docent
1089 3991 1218 4058 loci
1265 3993 1347 4058 ab
1378 3993 1654 4058 Heinsio
1699 3991 1888 4078 Virg.
1922 3989 2089 4057 Aen.
2125 3991 2238 4057 Xl.
2288 3992 2389 4058 35·
2418 4013 2483 4081 Ρ.
2531 3993 2659 4059 597
2702 3993 2776 4056 in

630 4092 916 4166 medium
963 4096 1193 4188 allati).
1295 4099 1434 4164 Nec
1485 4101 1627 4188 jam
1687 4095 1954 4164 dubium
2022 4108 2155 4182 est,
2227 4099 2382 4186 quin
2452 4099 2774 4166 Avieno

629 4207 814 4272 Arat.
860 4203 1103 4270 Phaen.
1153 4202 1280 4270 587
1301 4229 1316 4270 :
1363 4203 1697 4272 Electram
1757 4205 1945 4271 tetris
2004 4214 2397 4272 moestum
2458 4205 2615 4271 dare
2662 4227 2777 4271 nu-

627 4309 818 4380 bibus
889 4309 1156 4376 orbem“
1225 4321 1376 4400 apte
1443 4311 1567 4377 hoc
1626 4301 1971 4379 reddatur:
2039 4313 2229 4377 tetris
2296 4333 2636 4377 mersum
2685 4350 2772 4360 —-

626 4419 972 4486 nubibus.“
1049 4417 1140 4482 At
1187 4417 1360 4506 apud
1409 4415 1703 4484 Silium
1748 4419 1833 4484 V.
1882 4417 2039 4484 380:
2072 4418 2403 4484 Turbidus
2436 4414 2767 4506 extemplo
