3234 4967
586 359 676 447 30
1485 383 1712 437 Adnot.
1750 382 1833 436 1⁷.

582 575 770 644 Decl.
817 575 906 640 X.
953 574 1008 639 3.
1039 594 1107 661 p.
1147 569 1306 637 215:
1356 591 1574 653 „nune
1622 573 2036 658 superstitem
2082 580 2398 644 uterum
2448 572 2733 638 eaede-

583 685 783 750 bat.“
837 679 878 744 8
935 701 999 765 p.
1057 677 1217 742 220:
1279 675 1644 758 „tumulum
1712 676 1907 742 nudis
1976 675 2283 743 uberibus
2353 678 2731 744 cecidit.“

581 788 766 854 XIX.
795 785 841 850 4
871 808 936 872 p.
961 782 1092 848 366
1123 778 1476 868 „elisisque
1525 781 1838 848 uberibus
1890 782 2049 848 mihi
2094 782 2251 848 fecit
2294 777 2769 874 invidiam“);'

582 891 740 981 quid
796 890 966 954 enim
1021 886 1302 974 proferri
1346 895 1566 973 potest
1610 886 1697 952 ad
1744 887 2116 975 exemplum
2161 889 2571 978 Hypsipylae
2620 913 2729 956 ex·

581 998 866 1088 pressius
932 991 1342 1060 Archemoro
1389 993 1786 1079 interempto
1857 992 1983 1058 hoc
2028 1005 2427 1083 conquestae
2484 997 2724 1064 Theb.

579 1106 665 1170 V.
727 1102 886 1168 619:
951 1099 1180 1166 Ubera
1231 1121 1438 1186 parvo
1493 1098 1648 1164 Jam
1706 1107 2005 1166 mater-‘na
2062 1100 2327 1167 dabam:
2394 1104 2498 1168 cui
2554 1126 2727 1169 nunc

579 1210 762 1276 venit
813 1207 1036 1274 irritus
1095 1205 1226 1270 oris
1288 1204 1570 1270 Laetis
1632 1214 1699 1269 et
1766 1205 2059 1270 infelix
2122 1209 2199 1272 in
2244 1208 2583 1276 vulnera
2634 1209 2729 1274 li—

577 1317 847 1404 quitur
897 1309 1248 1378 imb·er‘?“
1317 1310 1420 1374 De
1468 1332 1594 1399 quo
1641 1309 1787 1375 loeo
1832 1333 1955 1376 nec
2002 1321 2191 1379 vetus
2240 1313 2605 1382 Scholiasta
2658 1340 2724 1404 p.

579 1422 708 1488 289
754 1441 877 1486 nec
907 1417 1218 1484 Barthius
1263 1439 1420 1498 vere
1469 1417 1841 1504 expedivit3
1888 1441 2008 1483 nos
2056 1417 2319 1507 quidem
2364 1444 2497 1486 non
2545 1422 2727 1489 dubi-

579 1529 856 1594 tavimus
915 1523 1232 1592 scribere:
1301 1524 1520 1588 irritus
1575 1525 1773 1607 oris,
1834 1534 1909 1589 ut
1968 1534 2069 1590 est
2127 1507 2271 1592 Vll.
2318 1528 2480 1592 314:
2550 1551 2727 1594 num-

577 1657 771 1722 quam
815 1654 1046 1698 manus
1088 1630 1330 1696 irrita
1382 1630 1575 1694 voti.
2126 1649 2158 1670 ·

753 1739 881 1804 Hie
926 1757 1086 1803 vero
1133 1735 1418 1800 occurrit
1463 1734 1768 1799 lmhofius
1830 1733 2075 1823 (neque
2130 1738 2303 1800 enim
2350 1747 2417 1802 et
2462 1761 2609 1803 sero
2656 1749 2725 1802 et

577 1847 818 1912 frustra
869 1843 1044 1908 lecta
1098 1829 1582 1927 praetereunda
1636 1839 1835 1928 sunt).
1926 1840 2257 1908 Domitius
2314 1841 2720 1926 Oalderinus,

575 1952 786 2038 inquit
844 1947 1004 2016 silv.
1061 1945 1339 2014 Condic.
1402 1945 1567 2011 Orit.
1627 1968 1691 2031 p.
1750 1947 1813 2028 9,
1879 1946 1948 2009 in
2022 1945 2129 2010 ed.
2182 1945 2369 2012 Rom.
2432 1951 2722 2013 correxit

574 2056 966 2122 restinxit
996 2050 1164 2118 lacte
1197 2050 1556 2134 favillas,
1581 2073 1749 2138 quae
1775 2051 2146 2118 emendatio
2178 2062 2249 2118 et
2278 2054 2347 2117 in
2374 2053 2567 2119 codd.
2602 2054 2725 2122 Oa-

573 2161 776 2251 pilup.
825 2171 894 2226 et
936 2159 1144 2225 Paris.
1193 2158 1452 2224 transiit
1497 2169 1566 2222 et
1609 2157 1695 2223 ab
1742 2157 2041 2224 omnibus
2086 2158 2237 2225 edd.
2287 2170 2549 2226 servata
2602 2169 2721 2225 est.

574 2267 806 2337 Salisb.
863 2268 1062 2332 etiam
1120 2263 1550 2352 interpolatus
1605 2287 1643 2330 r
1657 2265 1813 2330 esti
1820 2263 1959 2328 nxi
1975 2273 2022 2329 t.
2124 2262 2558 2331 Nihilominus
2615 2289 2725 2332 ve-

571 2387 782 2444 terum
865 2373 1161 2440 codicum
1241 2369 1588 2436 lectionem
1674 2370 2130 2456 probissimum
2230 2393 2373 2436 esse
2464 2393 2721 2439 censeo.

573 2478 922 2564 Quomodo
969 2480 1141 2544 enim
1186 2486 1399 2543 mater
1445 2476 1856 2543 ardentem
1902 2478 2041 2542 nati
2086 2475 2451 2543 favillam
2507 2476 2720 2543 lacte

571 2586 1067 2654 restinxisse
1137 2582 1431 2672 putanda
1498 2584 1612 2666 sit,
1696 2605 1827 2648 non
1898 2582 2113 2650 vide0.
2228 2583 2724 2671 Spargebantur

572 2693 836 2781 quidem
893 2713 1046 2758 ossa
1099 2690 1554 2756 defimctorum
1611 2688 1889 2755 collecta
1934 2711 2177 2755 annoso
2226 2689 2455 2777 Lyaeo
2500 2693 2722 2756 niveo-

572 2822 698 2888 que
744 2799 935 2880 lacte‚
994 2807 1069 2862 ut
1113 2818 1200 2862 ex
1246 2793 1489 2862 Tibulli
1532 2796 1835 2862 versibus
1876 2793 1969 2860 lll.
2016 2797 2079 2879 2,
2144 2796 2225 2860 19
2272 2805 2546 2880 constat,
2604 2798 2723 2864 sed

570 2904 830 2972 nonnisi
873 2913 1024 2991 post
1067 2904 1284 2989 ipsum
1329 2900 1725 2986 ossilegium,
1786 2910 2133 2988 antequam
2186 2903 2256 2966 in
2300 2924 2531 2967 urnam
2576 2925 2723 2968 con·
2846 2890 2853 2899 ⁵

577 3011 906 3080 debantur
957 3017 1027 3074 et
1071 3009 1650 3096 componebantur,
1698 3006 1783 3072 ab
1829 3007 2160 3072 ardente
2206 3006 2494 3073 favilla
2547 3008 2612 3073 h.
2661 3032 2721 3074 e.

570 3118 655 3184 ab
714 3118 862 3203 rogi
914 3115 1219 3180 incendio
1274 3113 1476 3180 lacti
1493 3137 1525 3179 s
1593 3135 1749 3179 usus
1808 3112 2057 3181 alienus
2112 3123 2273 3178 erat.
2366 3112 2717 3198 OdoribuS,

567 3224 938 3314 unguentis,
995 3222 1196 3286 etiam
1248 3222 1404 3286 vino
1461 3217 1658 3308 (Stat.
1714 3217 1875 3285 Silv.
1920 3215 1987 3282 ll.
2036 3219 2099 3301 6,
2160 3217 2278 3307 90)
2324 3220 2577 3286 cineres
2622 3243 2720 3287 ar-

568 3332 801 3397 dentes
885 3327 1437 3414 extinguebantur
1497 3336 1637 3391 tum
1704 3324 1793 3390 ad
1857 3324 2310 3391 honorandum
2374 3335 2716 3411 mortuum,

565 3447 705 3504 tum
753 3435 839 3502 ad
882 3433 1122 3502 malum
1169 3431 1439 3499 odorem
1486 3429 1965 3519 depellendum,
2012 3453 2364 3518 numquam
2408 3431 2579 3498 lacte
2628 3433 2710 3498 ef.

565 3543 846 3610 Becker.
908 3538 1080 3612 Gall.
1128 3541 1206 3608 T.
1260 3538 1351 3604 lll.
1399 3562 1465 3626 p.
1514 3539 1645 3604 293
1694 3542 1879 3626 sqq.“
1964 3536 2291 3604 Crederes
2358 3560 2491 3604 non
2560 3561 2715 3606 suae

566 3671 834 3717 caussae
902 3646 1302 3736 patrocinari
1354 3643 1722 3728 Imhofium,
1788 3644 1906 3711 sed
1972 3643 2384 3712 librariorum
2458 3643 2716 3734 culpam

563 3755 1010 3845 interpretari,
1068 3774 1230 3841 quos
1287 3753 1431 3841 jam
1463 3749 1923 3838 intelligamus
1976 3773 2107 3817 non
2160 3750 2334 3819 ultra
2379 3750 2714 3817 lmhofium
2786 3829 2793 3836 ι

566 3863 795 3929 doctos
841 3860 927 3926 ad
971 3859 1296 3926 uberum
1338 3858 1736 3923 mentionem
1768 3856 1863 3946 (v.
1913 3857 2014 3923 15.
2053 3857 2167 3946 16)
2212 3859 2407 3924 tertio
2454 3880 2711 3945 quoque

562 3968 706 4036 loco
764 3965 1094 4034 revolutos
1149 3987 1294 4032 esse
1374 3974 1508 4030 tam
1570 3965 1839 4050 egregio
1898 3965 2217 4047 instituto,
2287 3985 2481 4050 quam
2537 3963 2712 4051 apud

565 4074 995 4142 Claudianum
1026 4072 1302 4160 Eutrop.
1332 4070 1401 4136 ll.
1433 4072 1594 4138 473:
1642 4071 1974 4157 „spectari
2006 4092 2041 4134 e
2086 4068 2484 4157 puppibus
2512 4070 2712 4134 urbes

561 4181 914 4262 Accensae,
983 4178 1202 4242 lucere
1267 4179 1506 4242 fretum
1565 4187 1895 4264 ventoque
1966 4176 2197 4241 citatas
2258 4172 2579 4240 Omnibus
2642 4177 2711 4240 in

564 4285 805 4376 pelago
851 4284 1016 4350 velis
1084 4283 1356 4348 haerere
1415 4282 1813 4348 favillas“
1877 4283 1946 4346 in
2014 4280 2326 4346 Thuaneo
2386 4279 2709 4346 favillas

559 4394 838 4462 vertisse
889 4390 1186 4457 videmus
1243 4390 1312 4454 in
1366 4391 1716 4455 carinas.
1808 4386 1943 4455 Sed
2000 4408 2195 4476 quam
2266 4384 2579 4472 singulari
2636 4386 2708 4450 in
