3234 4967
1318 414 1539 471 Adnot.
1588 414 1670 468 58.
2479 388 2563 475 97

620 623 753 691 Quis
790 627 1045 679 minuat
1082 626 1309 693 gemitus
1348 624 1684 691 lamentaque
1723 626 1901 675 nostra
1941 620 2340 691 rependens

564 756 566 759 Α
618 712 796 765 More
834 708 1207 764 hominum?

410 830 504 897 Ut
550 828 725 919 apud
770 824 1151 895 Terentium
1197 838 1298 895 est
1340 826 1551 895 Andr.
1601 828 1684 893 V.
1735 828 1798 910 6,
1847 828 1922 893 3:
1984 849 2254 909 „more
2313 826 2563 895 homi-

412 960 591 1001 num
640 938 879 1020 evenit,
927 945 1001 1001 ut
1048 933 1225 1024 quod
1272 936 1391 1001 sim
1440 958 1565 1021 ego
1612 945 1844 999 nactus
1891 933 2078 1018 mali,
2125 934 2319 1001 Prius
2368 938 2562 1001 resei-

414 1065 629 1109 seeres
675 1052 765 1126 tu,
816 1065 1009 1131 quam
1044 1064 1166 1128 ego
1216 1042 1392 1131 quod
1423 1042 1543 1107 tibi
1574 1042 1798 1107 evenit
1827 1040 2029 1137 boni“
2082 1050 2148 1106 et
2181 1040 2562 1108 Sallustium

270 1204 279 1213 .
413 1149 572 1235 Jug.
622 1150 729 1232 93,
778 1150 849 1214 3:
920 1171 1137 1214 more
1197 1149 1512 1235 ingenii
1570 1148 1898 1213 humani
1975 1147 2214 1235 cupido
2272 1148 2562 1214 difficilia

413 1254 700 1321 faciundi
735 1256 1021 1321 animum
1052 1256 1300 1321 vortit“
1332 1264 1399 1321 et
1432 1278 1566 1339 eos,
1604 1277 1767 1344 quos
1797 1276 2088 1320 morem
2128 1254 2198 1319 in
2231 1276 2375 1321 eon
2391 1278 2477 1321 su
2495 1278 2564 1321 e-

415 1362 705 1428 tudine
754 1370 820 1427 et
863 1361 1044 1448 lege
1100 1363 1394 1451 posuisse
1428 1361 1666 1427 docent
1695 1361 2010 1427 Bai-thius
2043 1358 2248 1426 Theb.
2283 1361 2400 1429 VI.
2434 1362 2560 1426 577

414 1492 475 1557 p.
510 1467 641 1533 555
689 1478 756 1533 et
784 1466 1097 1533 Heinsius
1127 1467 1301 1534 Adv.
1350 1470 1395 1533 1.
1444 1468 1487 1534 5
1519 1491 1578 1555 p.
1631 1466 1748 1552 563
1796 1466 1919 1531 hoe
1953 1468 2128 1531 enim
2157 1476 2359 1555 poeta
2408 1466 2566 1533 dicit

419 1596 485 1638 se
512 1573 772 1662 quidem
806 1576 972 1639 sine
1005 1595 1257 1657 more,
1295 1574 1467 1638 sine
1500 1572 1680 1660 lege
1721 1574 1904 1661 queri
1945 1571 2276 1661 (Elmenh.
2313 1574 2560 1639 Minue.

428 1678 570 1745 Fel.
596 1680 679 1745 25
701 1703 765 1768 p.
792 1679 943 1745 251.
973 1678 1169 1745 Cerd.
1187 1680 1373 1765 Virg.
1391 1679 1558 1746 Aen.
1576 1678 1769 1745 VIII.
1795 1678 1925 1744 635
1950 1702 2014 1766 p.
2041 1674 2288 1747 2540.
2316 1676 2563 1767 Wopk.

421 1786 608 1851 Mise.
657 1785 849 1853 Obss.
896 1786 1021 1851 IX.
1086 1810 1149 1874 p.
1201 1784 1301 1851 73.
1352 1784 1581 1851 Arntz.
1653 1784 1877 1850 Aurel.
1926 1786 2100 1851 Viet.
2149 1786 2232 1850 V.
2279 1784 2383 1851 Ill.
2439 1786 2564 1853 XI.

418 1894 459 1956 3
506 1917 570 1979 p.
618 1892 707 1957 54
753 1891 834 1957 ef.
867 1892 955 1957 H.
1001 1893 1051 1957 I.
1098 1891 1327 1957 Arntz.
1361 1891 1584 1959 Sedul.
1640 1894 1697 1959 l.
1751 1891 1876 1957 155
1923 1916 1988 1980 p.
2037 1892 2122 1957 66
2155 1894 2568 1982 maximeque

418 1998 649 2065 Heins.
696 1997 810 2065 Sil.
860 1998 1009 2064 XII.
1062 1998 1193 2063 449
1264 2022 1329 2086 p.
1379 1998 1508 2065 616
1580 2022 1676 2086 sq.
1749 2008 1815 2065 et
1860 1998 2084 2063 Burm.
2158 1996 2358 2064 Ovid.
2419 1998 2566 2065 Art.

416 2104 566 2169 Am.
624 2104 679 2169 I.
732 2106 879 2169 119·
904 2130 969 2195 p.
1019 2105 1171 2189 549,
1244 2127 1405 2192 quos
1474 2104 1702 2169 laudat
1761 2104 2176 2171 Burmannus
2221 2103 2414 2193 Eleg.
2485 2105 2568 2171 de

417 2210 663 2276 Phoen.
714 2208 799 2275 99
849 2234 910 2297 p.
949 2209 1171 2300 1056).
1219 2210 1726 2298 Rependens
1773 2219 2010 2293 autem,
2059 2220 2133 2275 ut
2167 2210 2344 2298 apud
2379 2210 2569 2277 Clau-

420 2316 685 2383 dianum
731 2316 912 2382 Mall.
963 2318 1121 2383 228:
1183 2318 1305 2383 Dis
1367 2318 1705 2406 proximus
1751 2315 1859 2381 ille
1922 2327 2053 2400 est,
2119 2316 2332 2399 Quem
2377 2318 2567 2402 ratiO,

418 2445 549 2489 non
594 2424 696 2489 ira
739 2432 995 2489 movet:
1044 2425 1155 2512 qui
1201 2424 1420 2489 faeta
1464 2422 1940 2510 rependens
1996 2422 2286 2488 Consilio
2334 2424 2568 2511 punire

417 2531 681 2615 potest“
750 2514 827 2593 et⁸
886 2528 1245 2616 Corippum
1313 2530 1391 2597 L.
1459 2529 1706 2596 Justin.
1781 2528 1860 2593 ΙΙ.
1925 2528 2079 2594 155:
2149 2528 2287 2594 Nee
2341 2530 2568 2594 vacuis

416 2633 636 2700 verbis
682 2658 805 2701 nee
850 2636 1155 2701 inanibus
1203 2646 1351 2703 aeta
1395 2638 1629 2723 figuris
1677 2635 1812 2702 Ore
1876 2636 2048 2701 feres
2093 2635 2352 2724 prolata
2397 2657 2564 2719 mee,

421 2743 475 2805 si
525 2740 751 2807 dieta
794 2742 1248 2830 rependis“
1298 2742 1505 2831 (quod
1552 2742 1682 2827 „ob
1716 2734 1997 2809 metrum
2026 2744 2311 2831 positum
2343 2741 2567 2808 valere

418 2848 918 2935 perpendis“
964 2848 1228 2914 videtur
1272 2848 1545 2915 Barthio
1577 2873 1644 2938 p.
1677 2848 1840 2939 373)
1889 2850 1970 2913 cf.
2002 2848 2123 2915 IV.
2163 2850 2336 2916 211:
2383 2871 2568 2938 pen-

420 2952 745 3042 duntque
790 2977 1009 3021 moras
1057 2976 1415 3043 causasque
1459 2978 1790 3021 morarum
1847 2955 2265 3043 Inquirunt.“
2355 2955 2469 3022 Sil.
2516 2956 2566 3020 I.

426 3058 591 3126 534:
640 3059 864 3126 Mente
913 3058 1195 3127 adversa
1241 3061 1465 3128 domat
1496 3101 1585 3111 -—-
1617 3071 1684 3127 et
1717 3061 1972 3126 decoris
2016 3062 2231 3149 pretio
2280 3061 2564 3127 ‹liseri-

419 3166 635 3233 mina
678 3172 1021 3255 pensat“
1068 3168 1149 3234 ef.
1184 3167 1530 3235 Claudian.
1563 3168 1682 3233 VI.
1719 3167 1917 3234 Cous.
1950 3167 2125 3234 Hon.
2167 3166 2313 3233 115.
2347 3162 2570 3237 Burni.
2603 3175 2610 3179 ’

422 3270 655 3361 vellej.
701 3272 785 3343 Π,
837 3275 941 3357 12,
990 3274 1031 3339 5
1062 3298 1126 3363 p.
1164 3275 1290 3340 108
1340 3286 1407 3341 et
1438 3275 1544 3358 ss,
1594 3277 1635 3341 3
1668 3299 1732 3362 p.
1767 3274 1900 3338 470
1933 3284 1998 3339 et
2044 3274 2257 3363 ipsum
2289 3258 2570 3341 statium

427 3376 630 3443 Theb.
675 3378 787 3446 111.
836 3380 907 3445 8:
964 3402 1088 3445 nee
1143 3402 1481 3447 numero
1542 3382 1924 3446 virtutem
1982 3382 2394 3468 animumque
2451 3402 2575 3445 re-

424 3480 725 3569 pendit.
772 3484 862 3549 X.
922 3486 1083 3551 884:
1144 3486 1429 3553 Lernam
1485 3485 1874 3574 Thebasque
1934 3472 2342 3573 rependit.
2435 3486 2574 3551 Nee

423 3588 620 3655 dubio
668 3592 1030 3657 sententiae
1099 3614 1257 3657 vere
1302 3593 1650 3659 restitutae
1709 3601 2098 3678 argumento
2167 3594 2313 3680 ipsa
2359 3602 2462 3657 est
2510 3602 2576 3657 et

423 3718 555 3762 vox
622 3706 941 3763 nostra:
1012 3700 1293 3785 gemitus
1361 3698 1776 3787 lamentaque
1849 3708 2134 3763 nostra
2202 3696 2573 3787 rependens

422 3802 609 3869 More
656 3800 1124 3869 hominum“
1184 3818 1249 3869 et
1312 3806 1702 3893 disceptatio
1749 3808 1932 3872 vocis
2001 3806 2324 3869 nimium
2381 3828 2442 3869 v.
2491 3804 2574 3867 59

411 3911 551 3996 jam
599 3910 1001 3996 peragenda.

1255 4153 1343 4231 v.
1402 4114 1536 4233 59.
1586 4116 1750 4258 s'qq.

606 4330 753 4396 Non
800 4330 1050 4420 liquere
1101 4332 1181 4397 de
1216 4333 1685 4397 sententiarum
1721 4324 1947 4394 ordine
1982 4328 2202 4414 arguit
2236 4327 2578 4395 doctorum

428 4438 761 4501 hominum
811 4436 1159 4503 dissensus.
1251 4438 1547 4525 Namque
1604 4434 2136 4519 Lindenbrogius
2185 4455 2412 4500 versus
2462 4433 2578 4499 hos

741 4544 867 4597 Stat.
905 4543 1089 4613 Eelog.
2139 4542 2166 4592 7
