3234 4967
743 354 841 405 268
1555 352 1600 405 C
1612 355 1719 419 onj
1736 370 1763 406 e
1776 363 1853 407 et.
1889 356 2035 411 XXI.

739 519 878 575 viros
913 524 1148 577 invitat
1179 524 1326 575 hiatu
1359 523 1549 577 Arma
1583 526 1759 578 ciens
1811 528 2081 593 aboletque
2118 528 2307 593 domos,
2345 530 2624 593 connubia,
2662 527 2865 585 nato-‘af‘

743 610 841 672 Qui
879 612 1013 662 idem
1049 627 1096 661 v.
1134 612 1249 663 215:
1295 608 1506 663 Saevior
1541 620 1592 663 et
1628 612 1825 664 miseris
1859 615 2012 665 instat
2046 622 2287 680 regnator
2322 610 2557 667 Etruscis
2582 616 2863 682 Hesperiae

707 744 711 749 .
739 698 1070 762 timidumque
1106 704 1300 748 vocat
1335 696 1558 749 Widona
1613 714 1705 765 per
1740 713 1928 765 agmen
1962 695 2051 751 Nil
2085 700 2293 765 vulgare
2328 700 2530 766 legens,
2587 701 2680 751 sed
2739 716 2869 766 quae

737 782 1028 847 dignissima
1063 782 1166 833 vita
1199 782 1431 850 Funera,
1465 784 1770 851 praecipuos
1807 786 1951 836 annis
1988 786 2267 851 animisque
2302 792 2511 837 cruento
2546 787 2692 837 Fert
2724 787 2865 853 gla-

738 868 900 930 dio“,
959 869 1170 918 alteram
1206 882 1336 931 rem,
1395 884 1547 935 quam
1583 868 1774 921 Statius
1810 886 1855 921 v.
1892 872 1989 922 381
2026 872 2273 935 prodidit,
2332 873 2403 923 sic
2438 872 2721 923 immutavit
2754 888 2865 923 cor-

736 954 993 1019 rupitque,
1029 960 1087 1003 ut
1121 969 1215 1003 nec
1253 956 1318 1003 ad
1354 954 1496 1005 illam
1531 953 1717 1005 famam
1754 956 2134 1006 accommodate
2153 956 2411 1017 scriberet,
2449 974 2599 1022 quam
2624 964 2865 1023 sequutus

681 1092 684 1097 ,
734 1046 814 1089 est
846 1037 1114 1104 Euripides
1153 1038 1266 1090 Alc.
1305 1040 1392 1089 742
1446 1034 1517 1094 ὡς
1550 1033 1875 1109 κατάρξωμαι
1910 1035 2036 1111 ξίφει
2091 1049 2144 1092 et
2197 1056 2327 1109 quos
2380 1044 2704 1093 nomina-:unt
2738 1043 2864 1093 Wo-

733 1138 895 1174 werus
942 1124 1146 1173 Petron.
1208 1126 1302 1175 168
1357 1136 1405 1184 p.
1442 1126 1542 1177 653
1595 1125 1808 1176 Barthio
1861 1122 1986 1177 silv.
2023 1126 2095 1177 11.
2135 1130 2181 1189 1,
2220 1128 2318 1177 147
2371 1143 2421 1194 p.
2458 1130 2557 1178 186
2609 1128 2861 1190 laudatae,

735 1206 904 1260 Cerda
939 1210 1082 1275 Virg.
1121 1210 1254 1264 Aen.
1289 1209 1386 1259 IV.
1425 1212 1523 1262 698
1561 1223 1614 1271 Ρ.
1648 1212 1766 1263 486.
1798 1246 1813 1261 .
1836 1212 2083 1263 Monkius
2120 1212 2239 1267 Eur.
2275 1213 2311 1263 l.
2350 1214 2397 1265 d.
2432 1230 2483 1279 p.
2521 1214 2582 1264 19
2608 1228 2683 1277 sq.
2722 1213 2862 1277 (add.

733 1296 996 1361 Mythogr.
1032 1294 1130 1349 111.
1161 1298 1220 1357 9,
1260 1298 1320 1345 11
1360 1308 1409 1357 Ρ.
1447 1286 1563 1358 220,
1600 1299 1658 1350 6:
1719 1298 1817 1349 nisi
1853 1324 1915 1334 —
1953 1297 2265 1365 Proserpina
2296 1313 2517 1348 nomen
2553 1299 2770 1349 hominis
2804 1300 2857 1348 in

729 1390 916 1447 poste
952 1383 1088 1447 apud
1123 1380 1308 1431 inferos
1347 1390 1642 1433 notasset
1693 1384 1778 1434 vel
1814 1384 2055 1435 crinem
2108 1385 2171 1434 de
2207 1384 2426 1449 capite
2464 1384 2761 1435 abscidisset
2796 1410 2859 1421 -

731 1468 858 1519 mori
895 1468 1006 1531 quis
1042 1482 1146 1519 non
1177 1482 1326 1533 posse
1364 1466 1673 1533 dicebatur),
1722 1476 1779 1519 et
1812 1469 1879 1519 ab
1914 1484 2087 1520 eor-um
2140 1470 2374 1535 exemplo
2410 1470 2714 1531 discederet,
2774 1471 2861 1535 qui

729 1554 948 1611 Mortem
984 1560 1036 1603 et
1069 1552 1259 1605 Parcas
1312 1556 1587 1605 morituris·
1624 1569 1827 1605 manum
1881 1550 2167 1619 injicientes
2220 1553 2469 1607 fecerunt.
2538 1555 2605 1605 In
2656 1571 2758 1620 qua
2804 1571 2859 1605 re

732 1638 1042 1705 explicanda
1091 1646 1193 1689 tam
1246 1639 1424 1691 leviter
1461 1636 1645 1691 versati
1697 1647 1819 1691 sunt
1852 1640 2020 1692 Cerda
2055 1640 2199 1705 Virg.
2237 1638 2368 1690 Aen.
2405 1639 2475 1689 X.
2510 1640 2610 1691 419
2657 1653 2705 1702 Ρ.
2740 1642 2857 1691 473.

727 1721 780 1774 A
816 1731 968 1790 atque
1003 1723 1219 1775 Ursinus
1255 1723 1402 1791 Virg.
1438 1724 1524 1777 Ill.
1561 1738 1607 1787 Ρ.
1646 1726 1764 1789 481,
1798 1727 2105 1792 interpretes
2141 1727 2255 1781 Tib.
2293 1726 2333 1781 Ι.
2372 1727 2421 1787 3,
2455 1726 2489 1775 4
2523 1738 2571 1785 Ρ.
2609 1727 2673 1776 62
2719 1726 2857 1778 Diss.

727 1809 1020 1861 Gronovius
1055 1806 1173 1860 Seu.
1210 1810 1366 1876 Hipp.
1401 1812 1502 1861 467
1539 1822 1588 1871 Ρ.
1610 1812 1725 1863 249.
1794 1810 2135 1863 Marklandus
2170 1810 2296 1862 silv.
2332 1811 2431 1862 111.
2470 1812 2636 1873 1,135
2671 1826 2721 1877 p.
2740 1812 2853 1863 219.

729 1894 935 1947 Coi-tius
970 1894 1166 1945 Lucan.
1202 1894 1303 1946 ΠΙ.
1340 1896 1438 1946 242
1476 1908 1523 1957 Ρ.
1561 1897 1662 1948 349
1698 1896 1763 1951 cf.
1800 1895 1934 1951 Oud.
1969 1895 2127 1963 Apul.
2161 1897 2285 1947 Met.
2321 1896 2419 1950 VI.
2454 1912 2504 1963 p.
2541 1898 2667 1958 442,
2699 1904 2756 1947 ut
2787 1911 2853 1947 ne

725 1980 937 2031 Hesiodi
975 1981 1178 2046 quidem
1213 1981 1554 2032 testimonium
1589 1981 1973 2048 interponerent
2023 1982 2177 2048 louge
2230 1982 2455 2033 omnium
2506 1982 2857 2047 gravissimum

725 2066 866 2118 Scut.
918 2066 1071 2121 Herc.
1128 2066 1253 2117 251.-
1309 2068 1461 2117 πᾶσαι
1497 2063 1538 2117 δ’
1578 2064 1658 2135 ἄρ’
1696 2064 1825 2117 ἵεντο
1862 2060 2002 2135 Αἷμα
2037 2064 2193 2135 μέλαν
2226 2064 2380 2117 πιέειν
2417 2058 2652 2136 (Κῆρας).
2713 2063 2767 2117 ὃν
2802 2063 2857 2117 δὲ

721 2156 922 2220 πρῶτον
950 2150 1229 2219 ’μεμάποιεν
1265 2143 1508 2219 Κείμενον
1545 2148 1578 2221 ἢ
1613 2150 1857 2227 πίπτοντα
1890 2150 2166 2214 νεοὺτατον,
2204 2150 2334 2223 ἀμφὶ
2370 2150 2461 2219 μὲν
2497 2148 2637 2222 αὐτῷ
2649 2144 2853 2203 ’Βάλλ’

723 2236 957 2311 ὄνυχας
993 2235 1302 2306 μεγάλους
1336 2237 1400 2288 cf.
1439 2239 1554 2289 263.
1595 2240 1694 2291 266
1729 2240 1966 2305 idemque
2000 2240 2392 2291 illustrissimum
2430 2247 2480 2289 et
2514 2240 2735 2300 maxime
2770 2240 2852 2289 in-

587 2326 868 2390 *signe
922 2326 988 2375 ad
1041 2325 1366 2390 aperiendam
1413 2325 1713 2375 sententiam
1759 2325 1910 2377 Statii
1948 2324 2073 2377 silv.
2109 2324 2181 2377 11.
2219 2326 2265 2387 6,
2303 2327 2391 2377 78:
2438 2325 2753 2376 Rhamnusia
2788 2350 2851 2360 ——

689 2452 695 2459 .
715 2411 910 2475 jacenti
975 2410 1164 2475 Injecit
1221 2426 1384 2461 nexus
1453 2410 1815 2476 carpsitque
1874 2411 2075 2462 immitis
2134 2412 2381 2461 adunca
2435 2408 2559 2461 Ora
2628 2410 2853 2461 verenda

719 2496 945 2547 manu“
985 2504 1036 2547 et
1071 2499 1117 2557 1,
1155 2496 1278 2547 137:
1332 2494 1536 2547 Subitas
1588 2496 1793 2547 inimica
1844 2496 2031 2547 levavit
2064 2496 2227 2547 Parca
2280 2510 2477 2549 manus.
2548 2494 2681 2558 Quo,
2716 2496 2851 2558 diva,

717 2582 854 2633 feros
914 2582 1081 2646 gravis
1139 2582 1328 2633 exseris
1386 2574 1711 2647 ungues?“
1781 2581 1947 2639 Theb.
1995 2582 2030 2632 l.
2084 2584 2156 2634 d.:
2227 2582 2432 2632 Funera
2479 2608 2541 2618 —
2579 2588 2851 2633 cruento

719 2667 944 2735 Ungue
980 2668 1220 2730 notat“,
1260 2682 1388 2733 quoe
1423 2668 1564 2719 locos
1601 2683 1670 2730 „a
1702 2668 2010 2718 Marklando
2046 2667 2175 2717 bene
2210 2666 2501 2718 restitutos“
2538 2682 2747 2733 crepare
2784 2682 2852 2717 ne

719 2769 856 2804 nunc
909 2755 1111 2817 quidem
1167 2751 1428 2815 Queckius
1481 2752 1522 2807 1.
1576 2765 1627 2814 Ρ.
1664 2751 1815 2803 XIV.
1884 2752 1955 2803 11.
2010 2764 2058 2813 Ρ.
2094 2752 2245 2803 XIII.
2283 2751 2455 2818 desiit;
2524 2753 2851 2804 restituerant

722 2849 894 2891 autem
946 2838 1089 2889 illum
1123 2838 1379 2889 Meursius
1413 2837 1614 2891 Arnob.
1651 2837 1720 2892 II.
1760 2840 1791 2888 2
1844 2845 1998 2904 atque
2052 2838 2291 2889 Bai-thius
2344 2854 2393 2903 p.
2434 2838 2546 2899 185,
2598 2838 2733 2890 hunc
2786 2840 2849 2888 de

718 2925 895 2991 optimi
948 2926 1066 2975 libri
1120 2924 1447 2985 auctoritate,
1502 2931 1561 2973 ut
1611 2923 1835 2975 diximus
1871 2925 2043 2975 adnot.
2078 2923 2260 2987 Eclog.
2298 2938 2347 2975 v.
2382 2924 2449 2974 46
2485 2940 2533 2990 p.
2573 2925 2653 2986 74,
2713 2924 2847 2974 idem

713 3010 957 3062 Barthius
994 3027 1044 3076 p.
1083 3012 1183 3062 874
1231 3009 1408 3061 addita
1445 3010 1671 3073 ejusdem
1706 3009 1823 3059 libri
1858 3009 2030 3073 glossa
2066 3009 2189 3059 hac:
2252 3010 2637 3073 „sanguinis
2670 3015 2845 3069 nota,

717 3110 821 3160 qua
855 3094 1208 3147 extremum
1244 3096 1506 3161 digitum
1541 3092 1823 3147 tinxerat.“
1898 3094 2043 3155 Quae
2066 3094 2273 3159 quidem
2298 3108 2358 3144 eo
2377 3094 2579 3145 videtur
2601 3101 2846 3160 spectare,

717 3182 855 3247 quod
892 3183 978 3249 qui
1019 3183 1315 3247 „incruenta
1348 3197 1410 3232 ac
1445 3196 1534 3247 per
1569 3181 1671 3231 hoc
1706 3180 1955 3241 naturali,
2009 3186 2168 3231 morte
2214 3176 2335 3229 sua“
2377 3176 2577 3243 (Schol.
2604 3178 2846 3231 Juvenal.

712 3267 780 3322 X.
821 3250 918 3319 113
954 3280 1003 3329 Ρ.
1039 3266 1164 3333 393)
1201 3268 1352 3318 vitam
1387 3267 1692 3329 finivissent,
1740 3262 1913 3317 sicca
1950 3272 2141 3315 morte
2178 3264 2493 3315 descendere
2529 3266 2845 3330 dicebantur,

715 3348 860 3422 ὑγρὸς
911 3350 1048 3410 νέκυς
1101 3362 1266 3404 autem
1320 3355 1540 3404 cadaver
1592 3352 1842 3417 sanguine
1894 3349 2155 3402 foedatum
2210 3346 2421 3415 (Valck.
2474 3350 2597 3405 Eur.
2644 3345 2844 3401 Phoen.
2932 3354 2939 3359 ‘

714 3441 846 3491 1448
884 3452 930 3501 Ρ.
967 3440 1110 3511 486).
1183 3438 1428 3491 Ceterum
1479 3445 1659 3489 contra
1710 3444 1861 3501 atque
1911 3438 1966 3487 in
2002 3436 2153 3488 Statii
2206 3436 2506 3487 carminibus
2540 3434 2731 3486 factum
2768 3444 2847 3486 est

709 3526 849 3591 apud
885 3525 1144 3577 Sedulium
1182 3525 1224 3576 I.
1261 3526 1354 3577 56:
1391 3524 1604 3590 depellis
1641 3522 1708 3573 ab⁴
1740 3537 1949 3587 angue
1985 3536 2255 3574 venenum.
2327 3521 2473 3574 Cant.
2508 3536 2715 3586 ungue.

847 3611 1001 3674 Quod
1036 3618 1291 3677 superestz
1360 3611 1453 3662 illa
1487 3608 1815 3660 Monacensis
1851 3609 1967 3661 libri
2003 3608 2344 3673 discrepantia
2380 3608 2601 3656 cernitur
2636 3620 2753 3656 cum
2785 3606 2841 3655 in

710 3697 823 3749 aliis
859 3700 1007 3759 locis,
1042 3707 1102 3748 ut
1135 3696 1405 3749 Claudian.
1441 3695 1583 3745 Eutr.
1620 3694 1691 3749 11.
1728 3695 1852 3746 329:
1888 3702 2111 3745 ventrem
2146 3693 2436 3743 invitant
2468 3691 2649 3756 pretio.
2696 3691 2839 3741 Med.

710 3793 874 3849 quart.
913 3792 1160 3834 mutant
1210 3791 1262 3833 et
1315 3798 1440 3846 quos
1494 3780 1670 3832 attulit
1720 3780 2043 3831 Burmannus
2097 3779 2320 3829 Phaedr.
2373 3779 2416 3829 1.
2454 3778 2535 3838 31,
2569 3779 2604 3827 4
2653 3789 2703 3838 Ρ.
2744 3777 2837 3826 103

573 3896 662 3920 -..
707 3879 758 3919 et
792 3869 940 3934 Eleg.
977 3869 1106 3925 Nuc.
1149 3870 1244 3919 117
1281 3880 1330 3929 Ρ.
1368 3868 1482 3929 839,
1521 3876 1625 3917 tum
1661 3866 1715 3917 in
1752 3865 1876 3917 silv.
1913 3866 1956 3915 1.
1994 3866 2041 3927 3,
2076 3867 2160 3927 42,
2210 3866 2251 3915 si
2289 3864 2453 3915 credis
2492 3860 2752 3913 Gronovio
2788 3869 2841 3911 et

705 3954 1014 4007 Marklando
1051 3955 1279 4021 aliisque,
1316 3968 1443 4019 quos
1478 3954 1637 4019 paulo
1671 3952 1883 4003 inferius
1918 3952 2309 4011 nominabimus,
2343 3949 2497 4000 verba
2532 3949 2685 4000 haec:

1247 4083 1418 4148 nigros
1453 4082 1779 4132 imitantia
1814 4096 2068 4131 murmura
2104 4094 2305 4131 somnos
2370 4104 2377 4109 ·

700 4211 960 4263 arbitratis
997 4212 1068 4263 sic
1103 4214 1416 4264 immutanda
1451 4222 1585 4263 esse:
1634 4210 1968 4270 invitant“,
2024 4225 2176 4275 quum
2230 4210 2283 4259 in
2322 4209 2481 4262 Rehd.
2522 4218 2571 4258 et
2608 4206 2835 4259 Vindob.

703 4300 802 4351 hoe
857 4306 1051 4352 exstet:
1106 4301 1427 4349 mutantia.
1501 4296 1650 4357 Quod
1698 4296 1902 4362 quidem
1956 4296 2144 4346 nullius
2197 4294 2390 4359 negotii
2444 4303 2517 4343 est
2575 4292 2665 4357 (cf.
2712 4290 2834 4341 Cal-

701 4400 848 4451 purn.
901 4384 1013 4436 Ecl.
1072 4376 1112 4435 1⁸.
1171 4386 1260 4437 792
1289 4384 1498 4435 mittat.
1586 4382 1745 4433 Dorv.
1793 4390 1988 4432 mutat.
2059 4380 2231 4433 Burm.
2289 4378 2550 4434 claudian.
2589 4378 2650 4431 R.
2686 4378 2831 4431 Pros.
