3234 4967
697 419 796 466 216
1521 413 1810 475 Conject.
1849 411 1997 464 XIV.

697 601 895 646 casum,
943 600 1093 649 quem
1131 583 1314 634 Graeci
1352 591 1541 632 vocant
1575 578 1875 649 ἀπόπληξιν,
1930 583 2087 631 latine
2124 582 2221 630 dici
2258 581 2587 644 sanguinis
2624 584 2840 644 ictum,

696 673 998 736 impetum
1037 670 1266 728 obtinuit,
1303 669 1586 718 Salmasius
1626 667 1847 731 Capitol,
1885 667 2135 716 Antonin.
2174 665 2308 716 Phil.
2337 668 2401 715 14
2439 683 2487 730 p.
2515 668 2628 720 346.
2670 668 2839 728 Quare

698 773 802 807 non
839 755 1014 804 dubito
1048 754 1192 804 illum
1230 756 1398 803 locum
1436 755 1522 812 ita,
1559 762 1615 800 ut
1650 753 1958 802 reconditius
1994 753 2265 816 quoddam·
2292 752 2495 801 verbum
2532 753 2599 800 ibi
2640 767 2841 818 repare-

699 850 796 901 tur,
831 841 917 889 ubi
951 840 1004 888 in
1032 839 1183 888 Voss.
1221 853 1322 888 sec.
1361 845 1508 888 extat
1541 838 1807 886 boccum
1846 835 1937 898 (ef.
1958 837 2187 886 Macrob.
2220 837 2395 890 Somn.
2423 834 2639 897 1.21,‘4
2672 839 2762 886 itu
2778 855 2841 887 m·
2868 854 2877 866 ⁴

698 926 862 977 Rehd.
899 940 997 976 aec.
1037 931 1258 973 ortum.
1296 923 1491 972 Adnot.
1529 923 1711 986 Eelog.
1749 938 1796 970 V.
1836 921 1955 983 77),
2010 923 2241 985 digerere
2288 937 2349 970 ac
2396 924 2843 972 reconcinnare·in

699 1013 831 1060 hanc
867 1009 1192 1060 sententiam:
1231 1014 1586 1071 „praetentare
1628 1005 1818 1070 (potes)
1858 1033 1920 1042 --
1962 1007 2045 1056 ubi
2084 1008 2255 1056 statim
2294 1023 2431 1057 mors
2469 1009 2546 1056 sit.
2620 1009 2742 1058 Ubi
2778 1010 2843 1057 de

698 1095 877 1160 spiritu
913 1093 1171 1157 sanguinis
1210 1094 1443 1142 ostium
1481 1092 1757 1155 explorare
1794 1098 1844 1140 ct
1880 1105 2187 1154 cognoscere
2223 1093 2359 1152 licet,
2396 1101 2621 1156 potest
2654 1102 2705 1142 et
2741 1109 2843 1142 uno

700 1182 804 1229 ictu
843 1180 1025 1228 mulier
1061 1177 1346 1230 occidere.“

835 1265 939 1314 Sed
977 1264 1141 1312 redire
1171 1262 1318 1325 juvat
1353 1263 1417 1310 ad
1457 1259 1625 1310 Silvas
1663 1277 1723 1310 ac
1762 1276 1867 1309 rem
1906 1261 1965 1311 iis
2004 1257 2145 1321 locis,
2184 1277 2311 1324 quos
2348 1270 2400 1310 et
2433 1264 2589 1327 paulo
2614 1263 2843 1326 superius

706 1357 759 1398 et
795 1349 1006 1406 VI1.,et
1037 1347 1233 1398 Adnot.
1271 1341 1451 1410 Eclog.
1487 1363 1534 1396 v,
1573 1349 1639 1396 35
1694 1347 2113 1410 disceptavimus,
2150 1347 2519 1410 adjunctiorem
2559 1349 2842 1412 explorare.

699 1435 832 1485 Satis
885 1435 1016 1482 enim
1071 1433 1241 1481 mirari
1293 1446 1497 1495 nequeo
1552 1445 1667 1480 cum
1706 1433 1937 1480 omnibus
1991 1438 2095 1480 tum
2122 1433 2239 1495 'ipsi
2276 1432 2493 1481 Heinsio
2530 1431 2679 1481 Ovid.
2717 1432 2841 1483 Her.

699 1519 849 1569 XXI.
890 1521 988 1569 165
1035 1533 1086 1582 p.
1121 1518 1222 1567 315
1267 1531 1370 1565 non
1407 1518 1746 1581 improbatum
1784 1531 1895 1564 esse
1932 1517 2079 1575 illud,
2128 1518 2265 1579 quod
2302 1518 2487 1580 legitur
2521 1517 2590 1567 11.
2628 1520 2675 1576 2,
2716 1519 2811 1565 147
2829 1529 2842 1566 ε

1173 1603 1359 1666 Tuque
1395 1615 1555 1650 nurus
1590 1603 1724 1648 inter
1758 1601 1944 1664 longe
1981 1602 2341 1664 pulcherrima.

698 1688 933 1752 Namque
977 1687 1092 1735 loco
1129 1687 1432 1736 movendum
1472 1699 1585 1736 esse
1629 1686 1932 1734 vocabulum
1976 1686 2172 1748 longe
2228 1687 2307 1734 vel
2351 1687 2585 1749 longae
2630 1683 2839 1749 (Rehd.)

701 1789 851 1822 nemo
889 1772 1169 1834 negaverit,
1208 1771 1294 1834 qui
1331 1771 1453 1834 quid
1491 1771 1739 1820 sermonis
1776 1765 2035 1832 elegantia
2070 1772 2301 1833 requirat
2330 1772 2535 1835 planius
2554 1777 2846 1835 perceptum

699 1858 884 1906 habeat
918 1857 1304 1919 memineritque
1341 1857 1422 1903 vel
1458 1856 1586 1903 haec
1623 1855 1859 1918 exempla
1893 1855 1936 1902 1.
1975 1857 2023 1916 2,
2065 1856 2189 1905 163:
2238 1854 2285 1904 O
2332 1857 2452 1904 mibi
2488 1855 2846 1904 Laurentes

699 1945 869 1991 inter
905 1941 1095 1990 dilecta
1127 1941 1398 2004 puellas.
1455 1941 1581 1988 2012
1616 1937 1853 1987 Latios
1890 1941 2056 1988 inter
2089 1941 2432 2004 placidissime
2467 1929 2662 1990 vates.
2722 1941 2848 1988 114:

707 2027 937 2075 Latias
991 2026 1165 2076 metire
1221 2025 1341 2089 quid
1391 2024 1526 2072 ultra
1561 2024 1801 2072 Emineat
1851 2034 2071 2073 matres.
2144 2027 2272 2076 273:
2308 2027 2651 2089 pulcherrima
2687 2024 2849 2073 forma

702 2112 1030 2164 Italidum.
1101 2110 1328 2158 Martial.
1366 2107 1460 2162 1v‚·
1519 2110 1600 2168 75,
1640 2111 1696 2158 2:
1749 2108 1892 2168 felix,
1946 2109 2172 2172 Nigrina,
2220 2112 2421 2160 marito,
2445 2111 2617 2173 Atque
2662 2111 2849 2156 'inter

702 2197 923 2246 Latias
977 2195 1142 2260 gloria
1193 2195 1354 2260 prima
1406 2209 1604 2242 nurus
1660 2191 1751 2256 (cs.
1800 2193 1949 2243 ovid.
1994 2194 2123 2243 Met.
2159 2194 2280 2244 XV.
2329 2197 2453 2245 486:
2522 2195 2847 2244 Exstinetum

701 2283 1047 2345 Latiaeque
1083 2295 1280 2329 nurus
1306 2279 1629 2342 populusque
1656 2287 1928 2342 patresque
1951 2279 2221 2328 Dcflevere
2240 2279 2473 2330 Numam.
2500 2280 2590 2331 Sil,
2615 2278 2736 2327 v11.
2759 2280 2847 2328 74:

706 2368 886 2416 Patres
923 2366 1256 2429 Latiasque
1291 2378 1504 2412 nurus.
1544 2362 1687 2412 Cort.
1729 2363 1923 2412 Lucan.
1964 2364 2003 2413 1.
2042 2365 2142 2414 586
2178 2381 2225 2428 p.
2269 2365 2405 2428 153).
2478 2365 2615 2424 Quid
2654 2361 2849 2412 multa?

702 2467 862 2516 quum
899 2447 1346 2515 pervagatissimus
1381 2449 1447 2496 sit
1498 2447 1587 2496 ille
1626 2463 1787 2507 error,
1844 2450 1909 2498 de
1946 2464 2048 2510 quo
2088 2459 2359 2499 manarunt
2394 2451 2607 2498 haecce:
2666 2449 2847 2497 Manil.

703 2535 773 2587 11.
812 2538 843 2585 9
880 2536 1100 2588 latices.
1139 2535 1287 2584 codd.
1327 2533 1546 2581 lances,
1583 2531 1729 2583 Lact.
1766 2531 1913 2582 Narr.
1950 2533 2075 2583 Feb.
2115 2534 2210 2583 IV.
2236 2536 2268 2584 6
2306 2530 2537 2598 Clytie.
2574 2533 2741 2582 Parm.
2768 2549 2845 2595 ap.

705 2621 882 2670 Burm.
921 2637 970 2684 p.
1009 2622 1108 2671 259
1145 2617 1350 2682 Clyne.
1389 2617 1516 2667 Stat.
1553 2617 1715 2670 Theb.
1752 2617 1878 2668 V11.
1917 2619 2012 2668 757
2052 2619 2305 2668 Aetion:
2344 2620 2555 2668 Aenon
2592 2617 2845 2680 (Conject.

705 2706 850 2769 111.),
887 2706 1024 2754 haud
1062 2718 1186 2754 sane
1221 2704 1422 2766 ambigo
1457 2717 1550 2767 pro
1588 2716 1663 2762 ec,
1700 2704 1835 2764 quod
1872 2717 2026 2767 supra
2060 2705 2205 2767 posui
2246 2702 2473 2767 Conject.
2509 2702 2605 2755 IX.
2644 2719 2693 2766 p.
2724 2703 2846 2751 194:

1145 2788 1328 2852 Tuque
1363 2801 1522 2836 nurus
1559 2789 1691 2836 inter
1726 2785 1951 2836 Latias
1988 2789 2347 2852 pulcherrima,

708 2877 760 2925 id
786 2873 1140 2938 consignatum
1179 2874 1430 2936 extitisse,
1470 2873 1606 2934 quod
1635 2870 1781 2921 Ovid.
1806 2871 1945 2922 Fast.
1968 2872 2063 2922 1v.
2090 2875 2211 2923 133:
2249 2875 2397 2933 „Rite
2434 2874 2581 2921 deam
2620 2872 2848 2921 Latiae

707 2962 876 3012 colitis
902 2967 1189 3022 matresque
1216 2958 1508 3022 nurusque“
1533 2957 1586 3006 in
1609 2957 1929 3006 Berolinensi
1956 2959 2211 3008 invenitur
2236 2960 2380 3008 lane
2409 2956 2592 3019 (lucie
2616 2956 2849 3018 Gotting.

708 3047 894 3096 Bavar.
933 3045 1109 3094 laciis
1143 3043 1266 3093 Jun.
1303 3057 1381 3106 pr.
1421 3040 1689 3090 claudian.
1717 3041 1763 3089 R.
1814 3042 2183 3096 Pros.11.177.
2221 3044 2404 3093 lascii
2442 3042 2553 3091 cod.
2576 3040 2846 3090 Guillerm.

707 3129 867 3196 Apul.
906 3129 1046 3179 Gest.
1083 3128 1215 3178 Rob.
1253 3127 1513 3176 Wiscardi
1547 3127 1589 3176 I.
1634 3127 1729 3176 162
1790 3127 1852 3179 cs.
1892 3127 2161 3176 claudian.
2202 3129 2285 3176 Pr.
2326 3127 2480 3176 Cone.
2519 3127 2629 3177 Stil,
2667 3125 2709 3174 1.
2748 3128 2847 3174 282

705 3216 984 3264 laterum.
1021 3213 1086 3266 al.
1122 3214 1404 3262 lacerum.
1443 3212 1726 3275 Latium),
1764 3213 1883 3261 inde
1909 3213 2209 3277 provenisse
2232 3212 2447 3276 primum
2482 3212 2677 3262 lonae
2715 3209 2847 3273 (lo-

707 3301 874 3360 ciae,
911 3307 970 3348 nt
1002 3297 1222 3347 Martial.
1260 3297 1327 3346 X.
1366 3298 1414 3358 6,
1453 3299 1482 3345 2
1521 3297 1902 3351 Latia—nuru.
1940 3297 2107 3348 Palat.
2145 3298 2357 3350 Locia.
2398 3296 2677 3356 V11.63,2
2712 3293 2847 3346 Gud-

707 3383 907 3448 tota),
959 3385 1143 3434 deinde
1181 3383 1416 3446 longae
1469 3380 1552 3444 (ut
1587 3386 1726 3448 apud
1762 3386 1980 3434 eundem
2018 3383 2305 3432 Martialem
2342 3381 2410 3433 X..
2448 3383 2531 3442 26,
2571 3385 2598 3430 1
2659 3381 2851 3430 Latia

707 3470 862 3520 modo
897 3463 1036 3518 vite‘'
1075 3469 1128 3516 in
1153 3468 1307 3518 Voss.
1345 3464 1546 3532 longo
1583 3468 1765 3518 modo“
1806 3468 1870 3518 cf.
1896 3469 2071 3518 Arntz.
2114 3468 2322 3518 Arator.
2358 3466 2401 3516 1.
2440 3469 2539 3518 958
2577 3483 2625 3530 p.
2664 3468 2761 3516 157
2798 3473 2851 3512 et

709 3569 842 3620 quae
895 3568 1051 3618 supra
1101 3554 1362 3602 attulimus
1399 3553 1495 3605 IX.
1535 3561 1586 3602 et
1622 3555 1717 3605 Vs
1772 3554 2040 3618 patuisse:
2095 3552 2359 3618 potuisse.
2414 3560 2611 3616 parte:
2668 3557 2848 3601 sorte.

707 3648 910 3690 martes
965 3644 1144 3688 morte
1199 3646 1250 3688 et
1303 3641 1449 3689 toto:
1487 3645 1612 3688 tota
1649 3639 1881 3702 Conject.
1923 3635 1986 3691 V.
2025 3653 2159 3687 uno:
2198 3653 2307 3686 una
2348 3635 2576 3699 Conjeet.
2612 3635 2761 3684 XIV.
2799 3643 2851 3682 et

707 3740 838 3790 quae
875 3731 1237 3789 expromentur
1271 3723 1484 3772 Emend.
1513 3725 1676 3789 Prop.
1714 3721 1867 3774 VIII.
1906 3725 1954 3784 3,
2010 3724 2279 3772 valuisset
2316 3720 2609 3783 volvisse),
2645 3720 2847 3781 longe,

706 3812 920 3875 longae
955 3817 1124 3859 autem
1159 3825 1252 3875 pro
1290 3810 1463 3860 latias
1499 3810 1574 3860 sic
1609 3809 1861 3874 erupisse,
1897 3816 1955 3858 ut
1988 3807 2126 3873 apud
2162 3808 2456 3857 Martialem
2484 3805 2637 3855 VIII.
2680 3806 2757 3862 15,
2791 3805 2847 3853 4:

709 3898 813 3958 „Et
847 3897 1015 3946 ditant
1049 3895 1254 3946 Latias
1291 3895 1440 3944 tertia
1476 3897 1610 3943 dona
1646 3893 1839 3942 tribus“
1876 3894 1930 3942 in
1966 3894 2081 3943 Put.
2119 3893 2268 3944 Voss.
2306 3892 2527 3942 Latiae.

842 3980 950 4030 Nec
1001 3981 1055 4030 in
1107 3980 1413 4028 contrariam
1468 3988 1662 4045 partem
1716 3993 1819 4028 non
1872 3985 2137 4042 peccatum
2200 3984 2307 4026 est:
2368 3979 2675 4026 documento
2736 3981 2855 4023 sunt

710 4063 936 4114 Martial.
972 4064 1069 4113 VI.
1108 4066 1188 4123 85,
1227 4068 1254 4111 1
1294 4066 1428 4113 sine
1465 4072 1531 4113 te.
1585 4065 1755 4116 Berol.
1796 4064 1956 4114 sitie.
2011 4064 2203 4112 Lucan.
2242 4062 2395 4112 VIII.
2428 4063 2528 4111 491
2568 4061 2850 4122 languent.

713 4146 886 4198 Guelf.
924 4150 955 4196 3
993 4148 1254 4210 latigunt.
1294 4147 1417 4198 Sen.
1454 4149 1619 4212 Epist.
1659 4151 1723 4200 59
1759 4151 1917 4198 vina.
1954 4149 2102 4196 codd.
2140 4145 2339 4210 (Burm.
2378 4146 2527 4209 Pro'p.
2564 4146 2663 4194 IV.
2700 4147 2747 4199 6,
2784 4147 2851 4194 85

707 4249 758 4297 p.
795 4227 918 4297 826)
955 4232 1118 4285 vitia.
1195 4231 1294 4280 Hie
1348 4246 1470 4282 vero
1516 4232 1829 4294 longinquae
1866 4233 2140 4282 memoriae
2177 4232 2537 4282 recordatione
2570 4231 2852 4280 admoneor

710 4319 772 4366 de
809 4315 1078 4366 Tibullo
1117 4315 1154 4364 1.
1197 4319 1242 4376 7,
1281 4318 1369 4365 13;
