3234 4967
660 392 770 443 260-
1454 390 1540 443 Go
1551 392 1611 457 nj
1626 406 1653 443 e
1667 407 1696 443 c
1708 398 1743 445 t.
1777 392 1983 445 XVIII.

661 564 950 627 ‘saltumque
982 564 1080 629 ipsi
1125 564 1298 615 statio.
1377 562 1476 615 Cui
1513 564 1649 615 enim
1686 564 1750 613 de
1788 562 1951 615 Theb.
1990 563 2061 613 X.
2085 566 2199 615 -527
2234 578 2385 615 versu
2422 564 2493 613 sic
2528 564 2681 629 prodi
2716 578 2799 615 so·

659 650 778 699 lito:
836 648 1166 712 trabibusque
1205 655 1257 698 et
1289 648 1502 698 ariete
1537 648 1760 699 sonoro“
1802 664 1900 713 ope
1956 664 2133 699 eorum
2170 650 2442 709 librorum,
2498 649 2583 713 qui
2638 662 2800 713 penes

660 732 1102 796 Lindenbrogium
1140 732 1507 795 Barthiumque
1541 732 1751 783 fuerunt
1808 731 2020 797 (quibus
2080 735 2334 784 accedunt
2368 732 2709 797 Frisingensis
2751 739 2802 783 et
2903 727 2911 732 ’

661 818 1022 869 Monacensis:
1059 817 1386 882 trabibusque
1421 824 1635 873 artata
1670 832 1731 868 ac
1767 817 2201 869 Schestlariensis:
2250 826 2483 868 artat-a.
2528 831 2802 882 super-scm

661 902 779 952 alii
816 898 1070 967 ariete),
1108 902 1289 953 tollere
1324 902 1523 967 insigne
1559 898 1737 953 vitium
1775 903 2000 964 licuerat,
2062 902 2349 953 Gronovius
2384 904 2452 952 ad
2490 898 2629 952 hanc
2667 900 2801 952 Gru·
2902 918 2911 923 ·

661 994 768 1037 tero
805 986 1114 1037 assentiendi
1148 1002 1210 1037 ac
1245 988 1508 1037 mirificum
1547 995 1887 1038 commentum
1923 988 2177 1054 probandi
2196 988 2530 1039 temeritatem
2558 987 2802 1052 delapsus

663 1080 764 1121 est:
837 1069 1091 1135 „Accedo‚
1125 1073 1306 1136 inquit,
1343 1072 1461 1122 licet
1495 1067 1669 1122 invitis
1705 1072 1938 1123 omnibus
1975 1073 2117 1123 libris
2154 1071 2401 1133 Grutero‚
2438 1072 2527 1136 qui
2563 1069 2799 1134 conjicitz

663 1157 906 1206 crebris
941 1152 1358 1207 arietatibus.
1428 1156 1560 1207 Nam
1598 1159 1735 1222 quod
1771 1164 2064 1207 contractae
2098 1166 2202 1207 tres
2238 1158 2438 1222 priores
2486 1156 2717 1221 syllabae
2749 1155 2802 1205 in

663 1242 790 1291 duas
825 1248 996 1293 tamen
1030 1242 1206 1291 breves
1242 1250 1526 1307 ponuntur,
1588 1241 1709 1291 fecit
1741 1242 1875 1291 idem
1912 1243 1965 1291 in
2001 1242 2291 1303 tenuior,
2354 1250 2409 1291 ut
2465 1242 2518 1290 in
2567 1241 2801 1291 Soteriis:

665 1326 858 1389 Sperne
898 1326 999 1375 coli
1035 1326 1336 1377 tenuiore
1371 1325 1515 1391 lyra“
1558 1323 1629 1389 (v.
1658 1327 1819 1376 Theb.
1844 1326 1939 1377 IV.
1966 1328 2064 1377 679
2102 1326 2166 1376 cf.
2201 1326 2413 1377 Lacbm.
2455 1326 2665 1375 Lucret.
2702 1323 2802 1373 111.

664 1412 764 1461 917
799 1426 849 1475 p.
888 1412 984 1461 192
1021 1416 1072 1459 et
1105 1410 1172 1459 11.
1211 1412 1309 1461 719
1362 1427 1410 1475 p.
1452 1412 1564 1461 115.
1636 1410 1753 1464 XII.
1791 1412 1837 1459 2.
1910 1408 2003 1461 Sil.
2040 1412 2134 1464 VI.
2178 1414 2267 1462 192
2329 1412 2569 1461 Tenuis
2630 1424 2803 1474 opum,

663 1510 766 1545 non
816 1501 965 1559 patre
1017 1493 1229 1545 nitens.“
1303 1495 1488 1545 Avien.
1525 1494 1674 1544 Arat.
1711 1491 1909 1545 Phaen.
1964 1497 2083 1547 468.
2158 1496 2317 1546 Anth.
2354 1496 2472 1546 Lat.
2510 1490 2555 1544 I.
2594 1496 2676 1553 89,
2714 1494 2801 1543 262

665 1579 923 1630 Tenuis.
979 1580 1172 1629 loricae
1229 1577 1496 1643 cedant“).
1570 1578 1737 1641 Quam
1775 1589 1826 1629 et
1860 1580 2123 1645 praecepti
2160 1583 2215 1631 et
2246 1580 2485 1631 vocabuli
2524 1580 2803 1631 novitatem

664 1664 836 1713 dedita
872 1679 1032 1729 opera
1067 1662 1332 1713 confutare
1369 1678 1743 1728 supervacuum
1780 1663 1975 1726 habam
2032 1664 2351 1716 manifestum
2388 1664 2521 1715 enim
2558 1672 2636 1714 est
2667 1664 2805 1713 istud

665 1750 988 1799 arietibus
1025 1750 1296 1798 conflatum
1333 1763 1444 1799 esse
1483 1764 1551 1798 ex
1587 1746 1949 1813 syllabis(ar)
1995 1748 2213 1813 ieti(s)
2248 1747 2569 1814 icti(bus)
2630 1764 2692 1799 eo
2728 1746 2804 1799 fa·
2870 1742 2883 1751 ”

666 1835 818 1885 cilius
853 1834 1090 1899 confusis,
1152 1849 1252 1898 quo
1289 1834 1606 1899 frequentius
1646 1840 1793 1883 notas
1830 1835 2139 1898 syllabarum
2176 1836 2227 1885 is
2266 1842 2317 1885 et
2350 1836 2490 1885 ibus
2524 1833 2807 1899 permixtas

665 1920 821 1970 fuisse
858 1927 1070 1970 constat.
1143 1918 1334 1979 Qualia
1387 1919 1627 1983 exempla
1677 1918 1943 1969 attulimus
1996 1922 2049 1969 in
2086 1920 2338 1970 Emendd.
2388 1920 2584 1973 Arnob.
2623 1917 2806 1981 (Anal.

665 2006 824 2070 Prop.
860 2004 986 2068 XI.)
1022 2022 1072 2069 p.
1112 2006 1191 2056 77.
1231 2004 1350 2053 add.
1384 2002 1530 2053 Lact.
1569 2000 1739 2053 Theb.
1778 2002 1843 2054 Π.
1882 2006 1983 2056 455
2020 2007 2390 2055 carminibus.
2446 2008 2559 2055 cod.
2598 2006 2659 2055 B.
2696 2018 2807 2053 car-

665 2090 844 2141 minis,
917 2089 1125 2157 Coripp.
1161 2088 1248 2142 Jo.
1284 2086 1350 2137 11.
1378 2090 1504 2139 217:
1542 2090 1757 2139 crebris
1794 2084 2003 2153 ignibus
2040 2092 2239 2143 ardens.
2313 2091 2453 2142 Triv‘.
2492 2090 2807 2140 crebribus

665 2280 804 2340 bum,
861 2293 964 2342 quo
1019 2292 1163 2328 usum
1221 2278 1436 2326 eundem
1473 2276 1800 2326 Ammianum
1839 2278 2056 2327 arbitror
2090 2277 2241 2329 XVI.
2283 2282 2328 2341 7,
2368 2282 2423 2329 8:
2494 2279 2625 2327 inter
2659 2292 2820 2343 prae-1

669 2342 824 2412 cipua
861 2343 1020 2407 enim,
1077 2360 1207 2411 quae
1262 2360 1434 2394 eorum
1491 2346 1705 2407 quisque
1758 2347 1929 2395 studio
1982 2349 2284 2410 possederat
2318 2348 2401 2396 vel
2436 2348 2663 2409 ingenie,
2716 2351 2807 2397 aut

667 2432 833 2481 rapax
869 2424 959 2465 aut
993 2416 1194 2465 feritate
1230 2413 1523 2463 contentior
1557 2412 1654 2461 suit
1689 2420 1778 2462 aut
1813 2415 2111 2478 propensior
2148 2418 2213 2465 ad
2237 2415 2540 2465 laedendum
2577 2416 2674 2463 vcl
2712 2415 2804 2463 di-

665 2484 1031 2547 ligentibus
1083 2482 1291 2532 nimium
1345 2482 1564 2538 blandus
1620 2491 1707 2529 aut
1759 2483 2017 2545 potentiae
2069 2482 2207 2532 fastu
2258 2484 2573 2547 superbior.“
2662 2482 2807 2541 Quae

669 2552 800 2603 enim
837 2552 1092 2616 Haupt-ius
1127 2551 1162 2599 l.
1203 2552 1253 2601 d.
1289 2566 1340 2613 p.
1379 2551 1443 2599 15
1478 2549 1576 2597 hac
1611 2551 1879 2613 proposuit
1916 2552 2283 2614 disputatione:
2322 2551 2499 2612 „nihili
2538 2557 2617 2600 est
2652 2550 2804 2599 dili-

671 2620 996 2685 gentibus,
1053 2620 1192 2683 quod
1228 2616 1475 2667 Gelenius
1530 2618 1745 2681 scripsit.
1820 2615 2144 2669 Colbertinus
2198 2620 2329 2668 liber
2379 2618 2574 2669 habere
2622 2613 2808 2669 dicitur

669 2689 1054 2752 igendimuS,
1092 2688 1183 2737 sed
1221 2684 1502 2735 Vaticanus
1538 2687 1729 2749 pariter
1765 2693 1917 2749 atque
1957 2688 2149 2748 Regius
2187 2696 2237 2735 et
2272 2688 2536 2751 exemplar
2571 2686 2809 2737 Accursii

669 2758 843 2820 ligen
860 2757 1057 2805 dimus
1094 2756 1298 2804 habent.
1335 2754 1657 2804 scribendum
1713 2756 1812 2803 est*
1844 2755 2157 2805 licentius
2209 2756 2262 2805 id
2300 2765 2379 2807 est
2414 2756 2485 2805 eis
2523 2756 2608 2817 qui
2646 2754 2809 2803 libera

673 2830 926 2889 potestate
979 2824 1216 2873 licentius
1281 2820 1574 2871 utebantur:
1639 2822 1901 2886 antiquior
1953 2823 2166 2887 scriptor
2214 2825 2521 2873 modestiore
2575 2824 2807 2872 oratione

671 2893 886 2943 dixisset
918 2892 1322 2957 potentibus.
1397 2889 1593 2941 Theod.
1634 2887 1759 2939 Cod.
1782 2889 1933 2940 XVI.
1962 2892 2007 2951 2,
2031 2892 2066 2941 4
2100 2891 2229 2940 liber
2266 2894 2330 2943 sit
2365 2893 2509 2941 stilus
2546 2898 2597 2941 et
2630 2892 2808 2943 licens.

671 2960 958 3026 Symmaeh.
995 2960 1160 3027 Epist.
1197 2958 1239 3011 1.
1279 2959 1343 3008 59
1397 2958 1548 3006 homo
1600 2956 1867 3007 licentis
1922 2960 2058 3008 otii.
2129 2960 2409 3009 Possumus
2462 2959 2564 3008 alia
2601 2960 2808 3015 addere,

671 3031 764 3079 sed
799 3044 904 3079 non
939 3044 1066 3093 opus
1106 3028 1232 3085 est“‚
1268 3026 1318 3074 id
1355 3032 1412 3073 ut
1446 3034 1496 3075 et
1529 3032 1671 3074 recte
1706 3026 1893 3075 dictum
1930 3028 1994 3075 sit
2030 3036 2083 3075 et
2106 3028 2439 3091 probabiliter
2464 3027 2809 3091 excogitatum

673 3094 762 3161 (cf.
797 3097 958 3161 Epist.
997 3094 1124 3149 Crit.
1163 3097 1230 3145 14
1264 3110 1312 3158 p.
1353 3091 1460 3156 18),
1499 3108 1593 3143 nec
1630 3094 1695 3143 ab
1734 3096 1979 3145 orationis
2014 3095 2177 3145 forma
2232 3096 2361 3161 (vel
2398 3122 2461 3131 —
2501 3095 2636 3159 aut)
2690 3096 2811 3143 satis

675 3166 1125 3216 commendationis
1177 3163 1330 3213 habet
1385 3169 1474 3210 aut
1525 3176 1557 3211 a
1613 3163 1974 3211 sententiarum
2014 3166 2220 3218 ordine:
2256 3164 2628 3229 potentibus
2663 3162 2812 3213 nimis

673 3234 890 3283 blandus
928 3239 1016 3283 aut
1050 3232 1380 3297 potentiae
1413 3228 1549 3278 fastu
1585 3228 1885 3294 superbior“
1922 3239 1973 3280 et
2006 3232 2255 3295 redargui
2291 3233 2493 3281 videtur
2530 3232 2639 3295 ipsa
2675 3245 2810 3279 com·

673 3302 940 3365 paratione
979 3300 1088 3363 eius
1122 3298 1376 3357 vocabuli,
1414 3299 1549 3361 quod
1587 3298 1835 3347 librorum
1854 3299 2013 3348 Plinii
2049 3300 2279 3351 similiter
2312 3296 2606 3349 affectorum
2642 3311 2813 3347 recor-

673 3368 814 3417 datio
837 3368 1007 3417 animo
1033 3368 1249 3431 subjecit
1273 3367 1391 3417 Nat.
1412 3364 1542 3417 Hist.
1565 3365 1737 3418 Praef.
1765 3367 1855 3416 302
1893 3368 2075 3417 multos
2111 3367 2237 3429 fore,
2272 3370 2361 3432 ,qui
2398 3368 2637 3421 vitiliti
2646 3374 2811 3430 gent.

673 3437 907 3486 Murbac.
961 3436 1122 3486 Paris.
1177 3437 1242 3485 al.
1297 3441 1360 3484 ut
1413 3434 1678 3497 eligant.
1752 3435 1816 3483 32
1871 3436 2402 3499 vitilitigatores.
2490 3434 2655 3488 Paris.
2710 3449 2811 3485 sec.

672 3505 790 3554 vicii
825 3504 870 3553 li
883 3512 1154 3568 gatores.
1227 3504 1408 3566 Itaque
1460 3501 1590 3550 hae-c
1646 3502 1924 3565 antiquitus
1976 3505 2181 3567 prodita
2233 3502 2389 3553 fuisse
2444 3502 2815 3562 affirmaverim,

675 3588 808 3638 quae
842 3573 990 3637 posui
1026 3572 1188 3637 Epist.
1227 3571 1353 3623 Grit.
1390 3586 1438 3634 p,
1476 3572 1566 3621 38:
1604 3585 1767 3634 rapax
1804 3579 1861 3619 et
1889 3571 2097 3621 -seritate
2135 3572 2587 3623 contumacior
2622 3568 2815 3633 (Vatic.

676 3650 738 3691 et
771 3667 840 3677 —
875 3641 1282 3703 contentior)
1337 3646 1424 3687 aut
1457 3638 1761 3702 propensior
1796 3640 1862 3687 ad
1900 3639 2203 3689 laedendum
2257 3632 2815 3702 vitilitigantibus

675 3710 882 3762 nimium
919 3710 1141 3759 blandus
1177 3718 1268 3757 aut
1299 3707 1556 3771 potentiae
1593 3705 1731 3756 fastu
1756 3708 2071 3769 superbior.“
2142 3706 2411 3759 CfiGloss.
2434 3707 2662 3769 Labb.p.
2691 3707 2816 3757 1952

674 3778 1153 3842 vitiligatores
1211 3772 1528 3845 συκοφάνται.
1612 3774 1830 3838 Vitiligo
1890 3774 2263 3845 σν.)κοφ,οινττέω;ιι
2355 3776 2485 3829 Lex.
2546 3775 2667 3825 Vct.
2730 3790 2813 3839 ap.

676 3847 900 3903 Turneb.
968 3848 1107 3897 Adv.
1168 3842 1430 3894 XXVIII.
1491 3843 1520 3893 6
1579 3858 1628 3907 p.
1690 3844 1815 3905 990,
1880 3845 1969 3893 64:
2046 3844 2408 3908 Vitiligant
2475 3841 2815 3907 vituperant.“

677 3914 867 3975 Quales
921 3914 1176 3978 spadones
1229 3913 1384 3962 fuisse
1440 3910 1622 3959 dicunt
1672 3909 2011 3976 Dempsterus
2064 3912 2291 3977 Paralip.
2326 3914 2422 3963 IX.
2475 3928 2527 3976 p.
2568 3912 2713 3962 1513.
2750 3910 2817 3959 E.

674 3984 852 4033 Retes.
907 3982 1035 4031 Exc.
1075 3982 1229 4031 Anal.
1273 3980 1374 4031 ΙΙΙ.
1409 3978 1474 4030 Τ.
1511 3978 1576 4032 V.
1616 3978 1774 4028 Thes.
1830 3978 2005 4030 Otton.
2062 3996 2111 4045 p.
2171 3982 2327 4042 1285,
2384 3994 2532 4045 quem
2586 3978 2820 4027 laudavit

675 4052 987 4099 Arntzenius
1023 4049 1314 4099 Mamertin.
1353 4046 1498 4098 Grat.
1541 4046 1659 4096 Act.
1699 4049 1778 4107 19,
1814 4050 1849 4097 4
1884 4065 1931 4113 p.
1972 4050 2086 4099 723.
2158 4048 2415 4099 Ammian.
2450 4046 2603 4099 XIV.
2643 4048 2723 4105 11,
2760 4048 2819 4095 3:

677 4120 808 4169 inter
845 4118 1120 4167 ministeria
1171 4118 1306 4167 vitae
1361 4116 1644 4167 secretioris
1698 4132 1791 4181 per
1843 4129 2114 4167 arcanos
2168 4132 2466 4167 susurros
2510 4116 2821 4165 nutrimenta

676 4186 850 4236 fictis
887 4186 1270 4235 criminibus
1307 4183 1681 4235 subserentcs.“
1752 4184 1959 4235 XVIII.
1998 4187 2045 4247 5,
2081 4188 2137 4235 4:
2174 4186 2367 4237 invenit
2404 4185 2607 4235 tandem
2642 4196 2819 4232 ansam

675 4253 945 4305 nocendi
998 4261 1210 4303 auctore
1264 4261 1314 4304 et
1365 4254 1635 4302 incitatore
1689 4260 1839 4303 coetu
1877 4254 2185 4317 spadonum,
2242 4254 2326 4317 qui
2380 4253 2500 4303 feri
2554 4259 2614 4301 et
2650 4248 2819 4299 acidi

679 4336 878 4387 semper
912 4348 977 4357 —
1015 4321 1216 4371 divitias
1239 4323 1376 4372 solas
1413 4346 1476 4358 -—
1515 4321 1939 4386 amplectuntur.“
2011 4320 2279 4373 claudian.
2298 4320 2416 4373 Rus.
2435 4320 2481 4371 Ι.
2502 4322 2597 4372 97:
2632 4324 2819 4369 artem·

685 4402 784 4459 que
818 4390 1100 4443 nocendi
1133 4389 1395 4441 Edidicit“
1431 4388 1497 4439 cf.
1533 4389 1685 4441 Eutr.
1720 4391 1765 4443 1.
1803 4392 1919 4443 193.
