3234 4967
1364 358 1590 411 Adnot.
1629 361 1721 409 25.
2530 354 2613 421 39

466 566 548 631 de
595 575 862 654 pectore
909 566 1207 653 rumpit
1255 574 1321 630 et
1367 564 1544 653 apud
1588 566 1969 630 Petronium
2010 565 2173 630 Mut.
2206 563 2389 651 Reip.
2424 563 2612 629 Rom.

467 673 633 737 282:
666 670 928 761 „Atque
959 672 1077 754 has
1124 671 1470 758 erumpit
1513 670 1969 735 furibundo
2015 677 2303 757 pectore
2350 691 2613 733 voces,

467 778 549 841 cf.
610 778 838 843 Heins.
902 785 969 841 et
1025 776 1247 842 Burm.
1312 774 1651 843 Claudian.
1716 776 1794 841 R.
1852 775 2034 840 Pros.
2084 772 2149 839 ll.
2197 773 2326 838 249
2372 797 2434 861 p.
2484 773 2615 839 590

467 892 538 947 et
581 882 756 948 idem
805 882 1000 948 Ovid.
1050 882 1209 947 Met.
1257 882 1344 949 X.
1398 882 1522 947 147
1569 905 1633 969 p.
1684 882 1835 947 697.
1904 879 2007 945 Ac
2052 878 2347 945 similiter
2384 879 2613 943 Neme-

466 989 686 1055 sianus
731 988 940 1053 Laud.
989 987 1187 1053 Herc.
1236 989 1355 1053 20:
1417 985 1757 1075 „Populea
1801 1007 2055 1050 mecum
2116 1006 2443 1051 carmen
2498 984 2615 1049 lu-

469 1105 694 1160 ctare
764 1093 884 1159 sub
953 1093 1251 1177 umbra,“
1319 1094 1494 1183 quod
1561 1116 1695 1157 non
1765 1090 2104 1158 subtiliore
2173 1114 2331 1156 cura
2398 1091 2617 1177 attigit

473 1199 962 1266 Wernsdorfius
1008 1223 1071 1287 p.
1114 1200 1263 1282 284,
1313 1222 1505 1287 quam
1555 1198 1929 1263 Gronovius
1976 1198 2187 1263 Diatr.
2234 1222 2296 1285 p.
2332 1197 2482 1263 513.

651 1306 752 1371 De
832 1304 1150 1393 proximis
1210 1303 1430 1369 verbis
1499 1308 1700 1392 (quae
1763 1325 1950 1369 secus
2006 1304 2474 1392 interpretatus
2521 1315 2619 1369 est

469 1411 816 1477 Barthius:
864 1410 1186 1493 „terdena
1230 1408 1373 1474 luce
1423 1410 1839 1495 trigesimo
1889 1409 2024 1474 die
2071 1418 2222 1496 post
2260 1418 2618 1474 crematum

471 1516 820 1603 vernam“)
867 1516 950 1581 ab
998 1515 1296 1580 omnibus
1342 1515 1655 1579 dissentio
1703 1516 2089 1580 auctoritate
2136 1514 2341 1580 fretus
2384 1515 2619 1581 Rehdi-

473 1624 704 1709 gerani
748 1621 916 1687 libri.
1007 1622 1174 1686 Nam
1245 1642 1440 1707 quum
1509 1620 1715 1685 verba
1783 1630 2125 1707 peracta
2192 1629 2260 1685 et
2324 1630 2618 1708 parata

474 1738 726 1795 constet
807 1730 980 1792 inter
1061 1750 1130 1791 se
1215 1725 1675 1791 creberrimam
1757 1725 1838 1790 de
1914 1724 2059 1790 loco
2130 1726 2616 1792 contentionem

472 1834 736 1916 habere,
782 1843 856 1899 ut
901 1832 1074 1921 apud
1117 1832 1456 1896 Lucanum
1501 1832 1588 1897 X.
1638 1830 1799 1896 466:
1859 1831 2039 1896 Ense
2096 1853 2214 1896 suo
2269 1831 2615 1921 fratrisque

466 1939 667 2007 simul.
705 1941 964 2005 cervice
1012 1946 1323 2026 parata.
1395 1936 1608 2003 Guelf.
1664 1940 1762 2003 12.
1816 1938 2028 2003 Vatic.
2079 1938 2119 2002 8
2165 1948 2507 2025 peracta
2550 1949 2619 2003 et

468 2046 703 2137 quibus
763 2044 922 2111 locis
985 2045 1293 2110 dixerunt
1340 2044 1603 2109 Cortius
1660 2054 1727 2107 et
1770 2044 2062 2131 Mal-tyni
2106 2080 2197 2091 -—
2238 2043 2519 2130 Laguna
2559 2045 2615 2110 Ι.

467 2152 556 2217 45
601 2176 665 2241 p.
719 2152 800 2216 16
856 2174 934 2217 ac
981 2151 1398 2216 Burmannus
1455 2171 1602 2214 cum
1655 2173 1719 2238 p.
1768 2149 1809 2214 8
1857 2160 1995 2215 tum
2040 2147 2195 2214 Vlll.
2242 2150 2333 2215 30
2374 2173 2438 2237 p.
2486 2149 2617 2216 535

469 2268 536 2323 et
583 2256 780 2324 Ovid.
828 2256 926 2323 Ib.
981 2255 1107 2321 105
1154 2279 1218 2344 Ρ.
1263 2256 1350 2321 36
1400 2263 1466 2321 et
1509 2254 1672 2321 Her.
1713 2256 1797 2320 V.
1842 2255 1926 2320 41
1977 2279 2041 2344 p.
2090 2255 2177 2320 60
2220 2294 2309 2305 -·
2352 2278 2505 2321 nam
2548 2257 2617 2321 in

467 2362 623 2429 silv.
669 2362 756 2427 ln.
805 2362 870 2445 5,
919 2362 1035 2427 86:
1103 2361 1248 2445 „Et
1305 2384 1660 2449 numquam
1718 2362 1981 2427 turbata
2039 2362 2225 2451 quies
2278 2363 2615 2451 somnique

467 2491 710 2557 perae
726 2469 845 2534 ti“
913 2466 1408 2555 Peerlkampius
1476 2467 1663 2553 Virg.
1724 2466 1888 2531 Aen.
1949 2466 2075 2533 Vll.
2142 2491 2205 2556 p.
2272 2468 2353 2534 18
2423 2468 2616 2556 hujus

467 2576 890 2641 correctionis
920 2595 1178 2639 suasor:
1211 2573 1595 2661 „somnique
1629 2574 1959 2659 parati“
1982 2596 2113 2640 non
2138 2572 2461 2639 intellexit
2486 2572 2616 2639 dici

468 2682 752 2769 quietem
812 2702 1230 2767 numquam
1299 2678 1751 2761 turbatam,
1800 2701 2059 2745 somnos
2116 2701 2428 2767 semper
2481 2702 2616 2768 pe·

467 2796 747 2852 raetos
805 2824 922 2869 —-,
971 2795 1187 2849 utrum
1245 2785 1350 2849 hic
1397 2807 1625 2850 verum
1672 2786 1776 2868 sit,
1828 2776 2104 2851 discitur·
2146 2808 2232 2850 ex
2276 2784 2613 2851 Thebaide

467 2892 618 2959 Vlll.
665 2894 826 2959 272:
873 2894 1206 2979 „Tempus
1255 2902 1416 2974 erat,
1454 2893 1721 2980 junctos
1768 2914 1965 2980 quum
2002 2894 2145 2980 jam
2192 2913 2377 2958 soror
2418 2893 2616 2978 ignea

465 2999 716 3065 Phoebi
748 3000 962 3065 Sentit
999 3020 1200 3085 equos
1231 2999 1619 3087 penitusque
1666 3020 1897 3063 cavam
1944 2998 2063 3065 sub
2109 2996 2285 3063 luce
2330 3007 2617 3085 parata

467 3104 718 3171 Oceani
762 3105 1015 3189 mugire
1065 3104 1390 3169 domum.“
1481 3104 1707 3169 Barth.
1755 3127 1817 3192 p.
1868 3104 2031 3169 846:
2088 3102 2281 3187 „lux
2324 3114 2615 3192 parata

461 3214 600 3298 jam
659 3210 991 3298 processui
1049 3209 1392 3275 imminens
1449 3231 1592 3275 cum
1640 3210 1773 3274 suis
1830 3208 1955 3275 sibi
2001 3210 2183 3297 equis
2228 3208 2408 3275 Sol.“
2511 3209 2613 3277 Cf.

471 3314 779 3404 Epitaph.
828 3316 1084 3404 Lucceji
1132 3316 1169 3380 7
1204 3338 1268 3402 p.
1303 3316 1430 3379 207
1465 3314 1774 3380 Wernsd.
1809 3317 1947 3381 111.:
1994 3314 2321 3381 Exacta
2364 3338 2610 3403 prope

469 3431 703 3487 nocte
751 3421 915 3489 duos
961 3444 1153 3510 quum
1203 3421 1467 3487 Lucifer
1511 3423 1699 3507 ignes
1746 3421 2125 3509 Spargeret.

1399 3656 1484 3734 V.
1537 3657 1669 3735 25.

637 3842 1012 3911 Acclivis
1073 3855 1140 3910 et
1199 3844 1311 3909 alii
1367 3844 1626 3910 codices
1688 3854 1755 3908 et
1812 3844 2309 3929 Rehdigeranus
2375 3852 2443 3907 et
2508 3842 2617 3907 hic

461 3959 528 4015 et
573 3949 658 4013 V.
704 3950 770 4032 3,
818 3950 924 4015 36.
983 3950 1230 4015 Vitium
1294 3948 1450 4038 (quo
1497 3949 1742 4015 nullum
1786 3947 1980 4015 latius
2026 3972 2147 4037 per
2192 3971 2416 4015 omnes
2462 3949 2613 4015 scri-

457 4065 685 4143 ptores
733 4055 1035 4121 diffusum
1082 4065 1182 4121 est
1225 4055 1435 4121 Drak.
1484 4055 1594 4123 Sil.
1643 4056 1725 4121 V.
1773 4055 1907 4121 470
1951 4080 2015 4143 p.
2064 4056 2195 4121 276
2242 4078 2341 4143 sq.
2385 4054 2611 4121 Arntz.

457 4162 691 4227 Nazar.
739 4160 985 4247 Paneg.
1036 4161 1444 4227 Constantin.
1496 4162 1600 4243 24,
1649 4161 1695 4225 4
1739 4185 1803 4250 p.
1852 4162 1983 4227 600
2029 4184 2122 4250 sq.
2179 4160 2399 4241 Hand.
2448 4159 2609 4229 silv.

454 4267 506 4332 Ι.
560 4268 622 4350 2,
679 4266 802 4331 161
851 4291 916 4356 Ρ.
966 4267 1114 4333 282.
1186 4266 1507 4333 Ammian.
1563 4268 1770 4335 Marc.
1816 4267 1991 4333 XIV.
2030 4268 2091 4350 8,
2132 4268 2205 4335 9:
2253 4265 2611 4350 „acclinis

456 4373 710 4439 Libano
781 4374 989 4439 monti
1042 4372 1386 4439 Phoenice.
1454 4373 1532 4439 al.
1597 4373 1879 4442 acclivis.
1963 4374 2217 4441 Pansae
2276 4372 2465 4478 Eleg.
2517 4371 2599 4435 de

2674 1580 2937 1691 &553²
