3234 4967
673 411 773 460 262
1489 408 1649 473 Oonj
1668 415 1780 459 ect.
1814 408 1969 459 XIX.

677 595 799 645 „per
833 580 1044 630 crimina
1075 579 1287 631 functist
1321 575 1607 644 Tisiphone
1642 581 1810 644 pande
1849 579 2015 630 diem“
2052 581 2105 630 in
2130 589 2349 646 utroque
2372 581 2506 632 libro
2530 582 2815 634 invenitur:

675 663 722 715 Ο
757 662 1079 729 Tisiphone).
1151 665 1334 729 Itaque
1394 680 1568 716 omnes
1605 665 1860 715 Lactantii
1920 667 2172 716 sententia
2208 668 2393 718 hacce:
2468 667 2692 730 „Sensus
2726 669 2815 717 hic

673 755 777 799 est:
833 750 1028 799 Hecate
1068 757 1119 799 et
1152 751 1434 801 Mercurius
1470 751 1580 816 pias
1619 751 1863 800 animas
1902 752 2161 812 ducant,
2213 759 2457 801 nocentes
2495 749 2807 817 Tisiphone“

665 835 780 898 jure
817 835 1144 898 acquiescere
1181 835 1275 884 sibi
1311 836 1564 886 videntur.
1640 834 1778 895 Quid
1815 837 1969 900 ergo?
2030 837 2217 886 satisne
2253 836 2425 901 placet
2460 837 2585 886 hacc
2622 838 2810 886 oratio:

671 926 744 979 tu,
780 919 974 979 Persei,
1013 919 1220 985 Elysios
1258 927 1308 968 et
1344 921 1488 984 virga
1524 919 1921 984 Areasagaffl?
1991 920 2155 982 Atqui
2215 928 2509 986 oportuerat
2568 929 2655 971 aut
2713 922 2813 971 hoc

673 1003 822 1067 poni:
881 1010 962 1063 tu,
1001 1004 1204 1064 Persei,
1243 1005 1446 1069 Elysios
1482 1006 1729 1069 virgaque
1764 1005 1983 1069 potenti,
2019 1004 2249 1066 Arcas,
2296 1004 2488 1069 agas“
2552 1016 2640 1055 aut
2677 1007 2814 1068 quod

674 1087 934 1151 aliquanto
970 1089 1140 1154 aptius
1179 1090 1386 1139 dicitur:
1423 1089 1626 1154 Elysios
1664 1097 1735 1150 tu,
1772 1089 1965 1149 Persei,
2003 1091 2146 1140 exci
2199 1091 2445 1154 virgaque
2479 1091 2677 1154 potenti
2712 1091 2815 1138 Ar-

674 1187 761 1222 cas
797 1168 960 1237 agat.“
1033 1173 1215 1238 Neque
1251 1175 1351 1223 hoc
1387 1174 1551 1223 solum
1589 1181 1668 1224 est
1704 1172 2002 1236 offensioni3
2064 1189 2181 1223 nam
2236 1175 2347 1238 quis
2400 1181 2502 1236 est,
2564 1176 2684 1238 quin
2730 1175 2815 1224 vel

672 1256 854 1307 leviter
888 1259 1109 1310 monitus
1143 1249 1320 1308 videat
1353 1274 1532 1309 vocem
1569 1260 1712 1323 pios
1748 1273 1851 1307 non
1887 1259 2133 1308 inutiliter
2164 1260 2346 1321 modo,
2385 1259 2475 1308 sed
2512 1255 2686 1324 ‘inepte
2721 1259 2814 1308 ad-

675 1342 831 1391 ditam
871 1343 1018 1393 esse?
1086 1341 1267 1406 Neque
1305 1344 1438 1392 enim
1474 1342 1638 1408 Elysii
1692 1343 1791 1398 dici
1827 1349 2039 1408 possunt
2072 1343 2169 1392 nisi
2206 1345 2292 1408 qui
2322 1345 2429 1392 sint
2482 1343 2571 1408 pii
2618 1339 2812 1406 (Bentl.

673 1425 797 1476 Hor.
835 1425 1005 1476 Carm.
1043 1427 1137 1478 ΙΙΙ.
1175 1428 1222 1487 4,
1261 1429 1292 1478 6
1327 1443 1377 1493 Ρ.
1417 1429 1529 1478 151.
1603 1409 1869 1481 claudian.
1907 1428 1967 1477 R.
2004 1428 2148 1480 Pron.
2187 1429 2258 1479 11.
2296 1429 2423 1480 285:
2476 1427 2709 1494 Elysium
2748 1453 2812 1464 -—

674 1509 1012 1575 Cultoresque
1048 1510 1295 1577 pios“).
1367 1511 1631 1577 Elysios
1668 1521 1836 1562 autem
1872 1511 2086 1576 intelligi
2134 1519 2239 1561 non
2275 1526 2506 1578 campos,
2566 1521 2623 1562 ut
2676 1513 2815 1578 apud

674 1596 940 1646 Lucanum
976 1595 1070 1648 vl.
1115 1597 1240 1647 6982
1312 1594 1443 1661 Styx
1501 1603 1554 1646 et
1617 1610 1746 1661 quos
1804 1596 1947 1646 nulla
2004 1604 2225 1647 meretur
2286 1597 2551 1648 Thessalis
2600 1597 2815 1664 'Elysios

675 1678 870 1743 (Schol.
909 1682 1007 1731 699
1043 1696 1094 1745 p.
1131 1680 1259 1732 492:
1319 1695 1350 1730 o
1387 1680 1596 1746 Elysii
1634 1682 1863 1746 campi,
1924 1696 2053 1745 qnos
2088 1682 2236 1731 nulla
2272 1681 2506 1732 malefica
2542 1681 2705 1731 videt“
2745 1680 2813 1733 cf.

671 1765 848 1817 Burm.
889 1766 1046 1818 Anth.
1085 1765 1198 1815 Lat.
1252 1763 1348 1819 IV,
1389 1767 1454 1815 26
1490 1781 1539 1830 p.
1577 1767 1659 1816 24.
1734 1763 2005 1817 claudian.
2059 1767 2143 1816 Pr.
2200 1765 2355 1817 Cous.
2412 1766 2523 1819 Stil.
2580 1766 2650 1819 11.
2688 1768 2814 1816 378:

673 1851 836 1916 Elysii
872 1850 1016 1900 lucos
1052 1851 1329 1914 irrumpere
1365 1847 1590 1914 campi‘)
1630 1859 1681 1899 et
1714 1851 2009 1899 Martialem
2047 1851 2140 1901 IX.
2178 1853 2259 1910 51,
2296 1852 2349 1901 5:
2388 1852 2471 1900 Tu
2510 1851 2636 1900 colis
2671 1850 2815 1917 Ely-

671 1937 804 2006 sios
863 1935 1188 1998 nemorisque
1243 1934 1502 1984 habitator
1553 1935 1754 1984 amoeni
1792 1935 1917 1984 Esse
1952 1943 2041 1985 tuo
2075 1937 2291 2001 primum
2327 1951 2465 1986 nunc
2518 1936 2625 1988 sine
2661 1937 2815 1986 fratre

557 2053 567 2058 -
674 2019 865 2085 cu‘pis“,
922 2021 1011 2070 sed
1043 2019 1141 2098 (id
1177 2021 1318 2084 quod
1354 2020 1725 2085 incompertum
1760 2021 1915 2069 babet
1949 2020 2275 2070 Hofmannus
2310 2020 2491 2085 Progr.
2532 2019 2813 2070 Crucenac.

682 2107 814 2157 1867
850 2123 897 2171 Ρ.
937 2107 1002 2156 37
1039 2121 1113 2170 sq,
1149 2111 1258 2156 not.
1296 2101 1384 2164 91)
1423 2106 1561 2170 ipsos
1600 2119 1714 2166 eos,
1753 2105 1838 2168 qui
1874 2103 2077 2172 Elysias
2114 2107 2259 2156 sedes
2295 2107 2552 2166 habitent,
2589 2106 2818 2155 declarat

673 2192 782 2256 ipse
819 2191 1014 2242 Statius
1051 2191 1204 2242 VIII.
1243 2193 1333 2242 15:
1371 2191 1560 2257 „Illum
1597 2199 1649 2240 et
1682 2193 1846 2240 securi
1882 2192 2293 2256 circumspexere
2327 2191 2586 2255 fragorem
2606 2190 2817 2256 Elysii

677 2285 729 2326 et
787 2279 828 2326 si
881 2293 1008 2340 quos
1067 2277 1247 2340 procul
1283 2276 1524 2327 inferiore
1561 2276 1799 2325 barathro
1836 2275 2017 2326 Altera
2052 2291 2159 2326 nox
2195 2303 2259 2313 --
2298 2278 2506 2341 gravat“
2564 2285 2614 2326 et
2648 2275 2814 2326 Vetus

675 2361 964 2411 Scholiasta
998 2378 1048 2427 p.
1088 2363 1211 2412 791:
1273 2363 1528 2422 „cultores
1563 2363 1827 2412 beatarum
1868 2363 2097 2412 sedium“
2145 2363 2566 2425 Lactantiusque:
2605 2359 2816 2424 Elysii

677 2461 803 2509 ergo
842 2462 936 2510 pro
974 2447 1052 2495 his
1091 2471 1152 2482 --
1193 2448 1278 2508 qui
1331 2449 1383 2496 in
1421 2447 1593 2511 Elysio
1632 2447 1894 2496 habitant“
1952 2448 2015 2500 cf.
2072 2447 2273 2498 Duebn.
2314 2445 2439 2496 Vn.
2477 2445 2574 2496 775
2629 2461 2677 2508 Ρ.
2714 2444 2813 2493 319

676 2539 727 2580 et
763 2530 936 2581 Schol.
975 2531 1171 2582 Lucan.
1211 2532 1245 2582 l.
1285 2533 1332 2580 d.
1371 2533 1497 2582 698:
1569 2531 1757 2596 Magae
1818 2533 1952 2581 enim
1989 2534 2120 2581 inter
2155 2536 2401 2581 nocentes
2448 2531 2649 2580 umbras
2688 2528 2815 2576 reci-

675 2615 899 2680 piuntur,
934 2629 1039 2664 non
1072 2616 1202 2664 inter
1238 2615 1308 2663 El
1319 2617 1547 2680 ysios.“
1620 2617 1793 2678 Quare
1829 2618 1871 2666 si
1908 2618 2074 2666 locum
2111 2617 2329 2681 aliquem
2366 2617 2479 2665 voci
2514 2615 2657 2679 pios
2694 2628 2816 2663 con·

675 2700 962 2748 cedendum
981 2705 1140 2764 putes,
1161 2700 1263 2748 hoe
1288 2699 1664 2751 defendendum
1683 2709 1783 2752 est:
1819 2702 1979 2766 ipsius
1998 2702 2216 2751 nominis
2235 2700 2499 2765 Elysios
2524 2699 2818 2764 explicandi

675 2784 843 2846 gratia
879 2797 990 2832 eam
1027 2785 1334 2848 adscriptam
1371 2785 1526 2835 fnisse
1565 2787 1629 2834 ab
1668 2801 1743 2846 e0‚
1788 2787 1875 2850 qui
1913 2788 2112 2851 planius
2149 2787 2265 2835 sciri
2301 2785 2472 2845 vellet,
2535 2786 2657 2848 quid
2696 2798 2816 2832 con-

677 2869 882 2918 trarium
920 2876 1050 2917 esset
1085 2870 1332 2932 proximis
1378 2870 1570 2919 verbis:
1630 2885 1744 2933 per
1778 2872 2051 2920 crimina
2089 2868 2379 2919 sunctis“
2440 2870 2505 2918 ci.
2544 2868 2814 2920 claudian.

674 2953 738 3004 R.
775 2952 918 3003 Pros.
957 2953 1028 3004 11.
1066 2955 1192 3004 302:
1251 2960 1306 3002 tu
1345 2955 1715 3004 damnatur-am
1731 2965 2023 3015 cicentes,
2062 2955 2145 3004 Tu
2182 2955 2404 3017 'requiem
2444 2955 2611 3004 latura
2641 2951 2816 3016 p·iia.“

674 3038 746 3086 Et
777 3039 856 3087 bis
893 3039 1100 3102 quidem
1137 3039 1453 3102 argumentis
1492 3039 1651 3088 fretus
1686 3054 1782 3106 pro
1821 3049 1963 3090 certo
2002 3029 2379 3104 exploratoque
2436 3037 2609 3086 habeo
2666 3025 2815 3097 idem,

675 3124 810 3188 quod
850 3119 1124 3186 Virgilium
1163 3125 1301 3174 Aen.
1337 3124 1434 3175 VI.
1476 3125 1603 3175 749:
1674 3125 1959 3174 Lethaeum
2021 3125 2084 3172 ad
2146 3121 2356 3172 fluvium
2416 3124 2540 3172 dens
2601 3126 2819 3171 evocat

677 3204 933 3272 agmine
971 3223 1153 3272 magn
1168 3210 1248 3273 o“‚
1287 3209 1437 3258 simili
1475 3209 1711 3258 oratione
1748 3223 1893 3258 usum
1930 3209 2217 3273 prodidis;e
2252 3191 2495 3258 Statium:

1796 3346 1852 3385 tu
1888 3351 2069 3400 separe
2104 3342 2253 3384 coetu

1387 3421 1613 3486 Elysios,
1653 3421 1887 3480 Persea,
1925 3421 2034 3470 cie.

673 3550 746 3599 Ut
781 3565 829 3600 v,
867 3551 955 3600 93:
1007 3550 1139 3598 inter
1197 3548 1388 3598 medios
1443 3549 1643 3611 patriae
1696 3549 1829 3598 ciet
1880 3549 2131 3612 agmina
2164 3548 2340 3610 gentis,
2371 3573 2437 3583 —-
2478 3547 2722 3613 Tydeus“
2760 3553 2814 3596 et

673 3637 811 3701 apud
853 3634 1112 3683 Valerium
1147 3633 1388 3682 Flaccum
1426 3634 1469 3685 I.
1510 3635 1633 3684 751:
1698 3633 1803 3696 jam
1860 3645 1910 3682 te
1964 3635 2015 3682 in
2068 3635 2217 3682 lucos
2274 3629 2361 3699 pia
2396 3633 2545 3682 turba
2580 3632 2816 3681 silentum

675 3721 997 3783 secretisque
1056 3719 1182 3766 ciet
1239 3717 1460 3768 volitans
1507 3721 1655 3782 pater
1691 3717 1886 3769 Aeolus
1935 3719 2104 3772 antris.
2158 3719 2302 3770 ⁴154:
2340 3714 2613 3782 regemque
2651 3717 2819 3780 fragor

673 3822 762 3871 per
799 3800 1004 3855 moenia
1039 3803 1212 3853 differt
1247 3801 1394 3853 Mille
1429 3803 1605 3852 ciere
1644 3817 1877 3853 manus.
1952 3804 2017 3855 Π.
2056 3805 2179 3854 304:
2246 3805 2355 3868 jam
2415 3811 2465 3853 te
2523 3803 2652 3852 ciet
2686 3802 2819 3850 altus

673 3893 738 3940 ab
796 3891 936 3940 Alba
997 3889 1254 3954 Jupiter.“
1346 3887 1448 3938 111.
1509 3889 1603 3938 63:
1674 3888 1893 3938 Bellona
1927 3913 1993 3926 ·—-
2030 3887 2243 3938 Adstitit
2280 3915 2342 3924 ——-
2390 3889 2557 3938 ciere
2614 3887 2818 3935 virum

673 3977 820 4039 Virg.
858 3977 994 4024 Aen.
1032 3975 1130 4024 VI.
1172 3974 1268 4024 165
1324 3973 1389 4022 cf.
1427 3971 1606 4024 Heius.
1646 3971 1914 4026 Claudian.
1952 3973 2071 4024 Rus.
2110 3975 2151 4026 I.
2192 3977 2290 4026 154
2342 3991 2393 4040 p.
2428 3973 2508 4027 43,
2582 3969 2667 4021 De
2710 3970 2819 4020 vitii

675 4066 860 4120 autem,
899 4061 1031 4123 qnod
1063 4059 1172 4122 jam
1211 4057 1466 4108 sublatum
1505 4067 1611 4118 est,
1651 4059 1843 4122 origine
1878 4067 1928 4109 et
1961 4075 2232 4125 progressu
2268 4062 2340 4109 sic
2374 4057 2588 4108 habeto:
2663 4069 2818 4120 quum

676 4147 889 4194 duarum
925 4145 1248 4208 syllabarum,
1311 4158 1443 4208 quae
1503 4157 1601 4192 nec
1662 4144 1950 4195 litterarum
2010 4147 2186 4195 formis
2236 4146 2450 4194 multum
2472 4141 2735 4193 'distarent
2767 4149 2819 4190 et

676 4230 792 4279 loco
826 4230 1093 4293 proximae
1129 4237 1324 4280 esseut:
1385 4243 1418 4278 a
1453 4235 1505 4277 et
1541 4229 1595 4277 ci
1658 4227 1896 4292 (Quintil.
1931 4232 2079 4281 Decl.
2118 4232 2212 4281 IX.
2252 4232 2315 4280 16
2349 4246 2398 4294 p.
2437 4230 2537 4279 204
2591 4228 2818 4300 civicam

678 4314 910 4376 gloriam.
982 4314 1130 4364 Witt.
1193 4315 1336 4368 Leid.
1393 4331 1468 4380 pr.
1525 4319 1745 4366 avitam.
1817 4316 1964 4368 Ovid.
2000 4317 2142 4366 Fast.
2198 4315 2267 4369 11.
2306 4316 2407 4364 272
2460 4315 2613 4364 citis.
2683 4313 2817 4362 Mas.

676 4397 844 4460 adis3
905 4413 1020 4448 nam
1073 4399 1221 4464 'plura
1255 4410 1586 4466 exponentur
1620 4402 1837 4454 Emend.
1876 4401 2031 4469 Prop.
2067 4399 2165 4451 IV.
2202 4397 2286 4464 2),
2310 4397 2482 4451 'altera
2516 4399 2637 4451 stilo'
2672 4411 2817 4464 prae·
