3234 4967
1273 439 1664 496 Adnot.52.
2476 439 2549 506 81

397 650 802 738 trepidantes
871 647 1074 714 milite
1144 671 1208 712 m
1228 669 1366 713 oes
1385 656 1463 712 to
1512 646 1771 714 Invadit
1817 651 2126 732 cuneOS,“
2171 647 2285 714 ubi
2329 649 2531 715 Hein-

399 758 530 822 sius
575 755 828 839 lecto,
899 751 1482 821 Drakenborohius
1539 753 1793 819 multo
1854 751 2004 819 olim
2061 755 2361 821 extitisse
2407 756 2543 844 opi-

395 871 587 928 natus
633 870 766 945 est,
812 870 1106 949 praestat
1137 860 1412 948 intelligi
1451 881 1695 926 cuneos
1741 860 1991 943 „milite
2036 861 2293 928 mixto
2346 863 2545 950 trepi-

401 969 708 1050 dantes“,
767 977 839 1032 ut
897 982 962 1033 v.
1017 969 1134 1034 29:
1183 969 1525 1057 omnisque
1597 967 1833 1034 ruebat
1899 968 2203 1034 Mixtus
2274 972 2539 1057 eques“.

399 1075 666 1163 Ooripp.
729 1073 968 1141 Joann.
1017 1073 1147 1140 Vll.
1217 1075 1382 1140 429:
1453 1075 1755 1164 proprias
1823 1076 2218 1164 permisto
2286 1073 2547 1140 milite

398 1185 714 1248 turmas.“
785 1180 917 1265 Qui
966 1203 1148 1246 error
1195 1183 1486 1247 cernitur
1533 1191 1599 1246 et
1650 1181 1825 1271 apud
1871 1181 2209 1247 Lucanum
2253 1181 2337 1247 V.
2389 1183 2551 1250 192:

399 1309 514 1354 mo
533 1296 709 1353 estu
724 1284 1175 1353 s—ululatus.
1199 1287 1557 1374 Langerm.
1583 1289 1900 1352 mixtus.
1924 1287 1967 1356 l.
1999 1287 2155 1352 190:
2180 1289 2551 1375 permixta

400 1393 598 1483 loqui.
647 1392 866 1461 Guelf.
916 1396 956 1460 3
1003 1403 1310 1460 moesta
1357 1403 1424 1459 et
1465 1392 1643 1484 apud
1683 1393 1962 1460 Statium
1994 1392 2153 1460 Silv.
2201 1393 2309 1460 1V.
2356 1393 2419 1478 8,
2466 1393 2549 1459 51

399 1501 614 1566 Parm.
661 1502 983 1567 mixtae.
1029 1501 1216 1566 Rom.
1273 1509 1582 1566 mest-ae
1634 1510 1699 1564 et
1752 1498 2086 1567 Sedulium
2139 1498 2246 1565 LV.
2296 1501 2365 1566 22
2414 1502 2551 1566 sine

399 1607 658 1673 nomine
705 1609 1034 1674 mixtuni
1077 1605 1354 1694 Vulgus,
1402 1607 1552 1672 Vet.
1600 1608 1661 1672 2.
1707 1608 2019 1672 Tornaes.
2076 1606 2255 1695 Lips.
2304 1629 2538 1673 moes-

397 1723 558 1778 tum
605 1723 802 1802 atque
850 1713 1206 1803 Apulejum
1228 1714 1390 1779 Met.
1416 1712 1504 1777 lll.
1529 1736 1593 1801 p.
1627 1713 1750 1780 186
1778 1722 1843 1779 et
1866 1715 1935 1778 in
1959 1711 2100 1778 aliis
2122 1711 2281 1779 locis
2307 1713 2531 1780 Burm.

399 1819 595 1908 Prop.
642 1818 686 1883 l.
733 1820 796 1904 5,
849 1821 932 1885 15
976 1844 1040 1909 p.
1089 1820 1195 1886 54.
1227 1819 1643 1908 Peerlkamp.
1691 1821 1755 1886 V
1756 1822 1877 1908 irg.
1921 1820 2089 1886 Aen.
2122 1819 2233 1886 Xl.
2280 1844 2347 1909 p.
2395 1821 2549 1904 311,

403 1948 595 2014 quem
627 1927 798 2014 fugit
844 1927 1201 1993 Senecae
1235 1929 1442 1995 verba
1470 1929 1673 2016 Hipp.
1708 1926 1869 1992 852:
1902 1926 2115 1992 luctus
2148 1936 2217 1993 et
2244 1925 2547 1994 lacrimae

404 2041 470 2098 et
518 2031 726 2117 dolor,
819 2033 892 2098 ln
937 2031 1157 2098 limine
1214 2036 1360 2121 ipso
1428 2044 1738 2100 moesta
1806 2032 2230 2099 lamentatio.“
2286 2034 2411 2100 hae
2457 2058 2557 2101 ra—

405 2138 586 2204 tione
619 2137 980 2228 perpolire:
1013 2141 1268 2206 mixta
1314 2141 1396 2205 ef.
1447 2139 1629 2206 Cort.
1676 2141 1924 2204 Lucan.
1957 2138 2086 2206 Vll.
2136 2141 2218 2206 37
2266 2164 2331 2229 p.
2384 2139 2531 2206 146.

402 2245 473 2310 In
519 2267 650 2333 qua
697 2244 926 2312 eadem
957 2245 1179 2312 fabula
1227 2245 1435 2312 1255:
1483 2246 1789 2335 quodque
1838 2245 1919 2311 de
1952 2255 2155 2332 gnato
2189 2256 2290 2312 est
2336 2269 2551 2335 super,

403 2350 796 2436 Miserande,
829 2375 894 2416 m
912 2362 1136 2418 oesto
1165 2362 1432 2441 pectore
1458 2352 1838 2418 incumbens
1862 2353 2059 2418 fove“
2085 2353 2313 2440 quaeri
2336 2361 2555 2442 potest

405 2481 489 2524 an
555 2458 1051 2524 convenientius
1121 2459 1206 2523 sit
1263 2459 1458 2525 scribi
1527 2461 1782 2525 mixto
1851 2468 2119 2546 pectore
2201 2457 2305 2549 (ut
2386 2459 2551 2526 Stat.

405 2563 561 2630 Silv.
608 2563 675 2630 ll.
730 2566 787 2648 1,
822 2565 982 2632 206:
1030 2573 1368 2655 pectora
1396 2565 1674 2632 blandus
1707 2564 1956 2630 Miscet.
2008 2565 2213 2631 Theb.
2247 2565 2355 2630 Vl.
2394 2567 2550 2633 182:

403 2670 564 2760 quid
615 2693 698 2736 se·
729 2672 990 2738 funesta
1033 2672 1291 2760 parenti
1339 2671 1680 2738 Miscet?
1711 2670 1935 2737 Valer.
1977 2672 2199 2738 Flacc.
2247 2670 2336 2738 Ill.
2385 2673 2551 2740 310:

407 2777 504 2842 fas
563 2781 846 2866 jungere
893 2788 1109 2843 tecum
1163 2777 1442 2844 Pectora
1489 2787 1556 2844 et
1604 2801 1973 2865 exsangues
2019 2781 2162 2844 mis
2179 2801 2363 2846 cere
2412 2803 2541 2846 am·-

405 2882 712 2972 plexibus
761 2889 1028 2951 artus“
1077 2893 1143 2950 et
1189 2907 1353 2973 quae
1388 2885 1703 2951 addemus
1735 2884 2061 2976 Emendd.
2094 2886 2290 2976 Prop.
2336 2885 2400 2954 ll.
2449 2886 2552 2976 3)3

406 2989 591 3079 quid,
663 2990 840 3080 quod
907 3013 1040 3056 non
1107 2990 1585 3059 incommodum
1654 2991 1915 3058 videtur
1982 2991 2297 3058 Avieno
2365 2993 2553 3060 Arat.

410 3095 655 3162 Phaen.
713 3096 872 3166 3352
941 3097 1128 3164 Haec
1195 3097 1310 3163 ubi
1376 3109 1801 3188 permoesto
1870 3121 2069 3165 rauco
2139 3111 2558 3187 congesserat

277 3281 286 3292 ι
420 3206 579 3268 ore“
611 3202 847 3270 eodem
877 3204 1075 3271 modo
1107 3205 1479 3272 consulere:
1526 3207 1898 3295 permixte
1929 3228 2302 3295 raucoque
2350 3208 2557 3296 inges-

407 3318 584 3376 serat
617 3314 775 3376 ore“
807 3310 919 3401 (cf.
969 3311 1189 3378 adnot.
1222 3337 1284 3379 v.
1339 3312 1451 3402 14)
1486 3322 1553 3378 et
1585 3337 1645 3378 v.
1694 3313 1850 3378 343:
1898 3311 2061 3379 lucri
2100 3312 2319 3379 rabies
2350 3312 2553 3382 subit:

416 3417 632 3483 omnia
697 3427 911 3485 terror
976 3418 1287 3506 Degener
1355 3441 1433 3487 ac
1499 3429 1856 3485 moestae
1924 3419 2125 3486 facies
2194 3419 2557 3487 formidinis

407 3521 682 3610 implet“
729 3526 853 3590 sic:
901 3527 1200 3593 mixtae
1247 3526 1448 3594 facies
1493 3523 1908 3592 formidinis?

1341 3759 1428 3843 v.
1487 3710 1611 3843 53.

581 3941 763 4024 Quae
809 3943 1108 4031 proxime
1179 3941 1473 4032 subjecta
1538 3950 1716 4026 sunt,
1788 3941 1905 4008 vix
1977 3943 2211 4008 attinet
2277 3941 2545 4028 referre,
2616 4002 2621 4006 .

407 4069 599 4136 quam
667 4049 848 4115 miris
919 4049 1129 4116 critici
1197 4048 1303 4116 vel
1375 4047 1891 4116 dubitationibus
1974 4047 2083 4114 vel
2162 4050 2555 4138 conjecturis

409 4155 827 4244 interpretari
902 4179 982 4222 ae
1054 4155 1380 4247 perpolire
1452 4158 1731 4244 ingressi
1801 4157 1949 4221 sint.
2064 4155 2554 4244 Proposuerunt

407 4262 582 4326 enim
613 4260 778 4328 haec
809 4263 1121 4329 Barthius
1151 4262 1328 4330 Adv.
1360 4261 1547 4329 XIX.
1582 4263 1620 4328 7
1655 4287 1720 4351 p.
1755 4261 1916 4328 766:
1952 4259 2214 4346 Obruis,
2250 4261 2555 4350 adjuro.

407 4367 616 4451 vis0‚“
640 4376 790 4456 post
812 4368 1163 4436 Animadv.
1189 4392 1253 4456 p.
1279 4368 1444 4436 505:
1479 4367 1723 4435 Obruis
1748 4369 1846 4434 ah
1871 4369 2017 4434 dur
2034 4370 2148 4434 a!“
2173 4369 2293 4434 Vir
2328 4367 2557 4432 doctus

411 4475 486 4558 is,
537 4475 616 4539 de
665 4497 794 4564 quo
841 4477 1376 4542 commemoravit
1425 4475 1802 4542 Gronovius
1848 4499 1911 4564 p.
1962 4475 2123 4540 590:
2184 4484 2259 4538 tu
2316 4474 2411 4537 mi
2458 4491 2559 4536 ea-

717 4581 845 4636 stat.
880 4581 1065 4651 Eclog.
1119 4627 1125 4633 .
2190 4580 2222 4630 6
