3234 4967
1336 356 1569 409 Adnot.
1623 356 1704 407 ss.
1950 314 1957 319 ’
2476 352 2594 420 149

452 562 653 627 Ovid.
695 561 877 627 Fast.
920 562 1010 627 II.
1043 561 1205 630 551:
1250 562 1605 649 latosque
1653 584 1773 649 per
1819 582 2035 646 agros.
2076 561 2269 630 codd.
2311 563 2595 651 quinque

450 667 715 734 latios.
762 667 990 732 HeinS.
1026 665 1367 735 Claudian.
1416 668 1493 732 R.
1539 668 1726 733 Pros.
1775 666 1848 731 ll.
1902 657 2026 731 177
2075 691 2136 757 Ρ.
2186 666 2337 733 585.
2385 667 2594 737 Drak;

450 775 561 842 Sil.
610 774 830 840 XVII.
882 775 1013 841 433
1061 799 1125 865 p.
1174 774 1326 839 870.
1375 774 1660 839 Martial.
1708 775 1794 840 X.
1845 774 1952 860 26,
2006 775 2080 840 1:
2128 774 2357 842 Latia
2399 774 2598 857 modo

450 882 606 947 vite.
642 880 832 946 codd.
867 880 1118 969 aliquot
1162 879 1347 973 tala.
1396 879 1589 945 lata.
1626 880 1920 969 Coniect.
1954 879 2133 948 XIV.
2213 880 2391 963 Quid
2424 880 2596 947 enim

453 1010 599 1053 cum
652 1010 963 1057 versuum
1008 989 1118 1053 66.
1170 988 1272 1055 69.
1326 987 1431 1070 81,
1480 994 1620 1051 tum
1677 988 1967 1075 ipsorum
2026 983 2410 1054 verborum:
2471 984 2599 1053 Oui

448 1117 687 1160 nomen
733 1116 893 1160 vox
936 1095 1191 1182 prima
1234 1115 1449 1159 meum
1468 1096 1508 1131 “
1556 1093 1918 1159 sententiae
1971 1093 2463 1159 convenientius
2508 1101 2599 1173 at-

448 1223 576 1289 que
622 1200 996 1290 adjunctius
1029 1222 1102 1265 ea
1134 1200 1489 1283 mentione,
1538 1222 1734 1289 quam
1776 1199 1878 1265 his
1907 1198 2212 1265 Lucanus
2241 1199 2396 1265 fecit
2427 1199 2599 1266 Vlu.

450 1306 611 1372 348:
672 1328 825 1384 non
882 1305 1311 1393 ignoravit
1354 1306 1648 1372 Latiae
1711 1306 2191 1392 commercia
2230 1305 2599 1393 linguae:

1200 1430 1541 1503 Latiasque
1584 1429 1778 1485 tenello

790 1516 957 1571 Usus
995 1523 1046 1569 et
1081 1532 1111 1568 a
1149 1523 1384 1569 nostro
1422 1514 1704 1569 veniebant
1740 1516 1936 1582 gaudia
1975 1513 2204 1578 cultu?

450 1619 645 1702 Quod
702 1618 1088 1685 insolentius
1146 1617 1393 1684 dictum
1452 1616 1872 1684 librariorum
1931 1639 2066 1685 non
2111 1618 2602 1707 assequentium

449 1724 640 1814 culpa
670 1723 977 1808 abolevit,
1020 1724 1090 1789 id
1121 1723 1298 1791 nullo
1330 1726 1619 1813 negoti0,
1665 1733 1738 1789 ut
1783 1748 1980 1817 supra
2010 1747 2074 1812 p.
2113 1725 2239 1789 146
2273 1726 2600 1815 apparuit,

452 1834 883 1919 instauratum
934 1830 1321 1897 confirmare
1367 1830 1522 1896 licet
1568 1829 1888 1919 exemplis
1923 1830 2167 1897 Avieni
2198 1829 2282 1896 Ο.
2314 1831 2406 1897 Μ.
2438 1829 2600 1897 583:

446 1938 540 2027 At
594 1939 915 2026 priscus
972 1958 1161 2001 usus
1222 1934 1391 2002 dixit
1452 1936 1571 2003 has
1634 1959 1856 2004 omnes
1919 1936 2170 2024 triplas.
2217 1936 2302 2002 D.
2352 1937 2432 2004 Ο.
2481 1938 2600 2003 59:

449 2018 750 2110 Mortuus
795 2044 902 2109 hic
934 2043 1182 2132 Grajo
1229 2014 1612 2131 perhibetur
1659 2065 1904 2131 gurges
1949 2043 2018 2109 in
2064 2065 2229 2109 usu.
2261 2044 2426 2109 581:
2474 2045 2604 2113 Hic.

449 2173 598 2215 usu
662 2150 770 2217 Gr
788 2172 913 2239 aJo
969 2170 1209 2214 nomen
1267 2157 1448 2217 tenet
1507 2150 1687 2215 unda
1731 2149 2060 2216 Saronis“
2118 2148 2262 2238 (ubi
2308 2151 2374 2215 in
2419 2148 2604 2217 libris

456 2278 597 2323 esse
645 2258 812 2322 risu
860 2278 1061 2344 supra
1106 2254 1419 2345 diximus)
1470 2264 1538 2320 et
1583 2278 1750 2343 quae
1784 2254 2168 2344 adjecerunt
2197 2254 2603 2323 Schraderus

322 2408 331 2417 -
449 2388 515 2451 Ρ.
568 2362 739 2428 1014
796 2386 889 2453 sq.
982 2360 1571 2451 Werndorfiusque
1630 2385 1696 2449 p.
1744 2362 1904 2447 9003
1968 2370 2042 2426 ut
2085 2362 2202 2427 vix
2245 2370 2446 2450 queat
2493 2362 2604 2429 du-

448 2468 665 2553 bituri,
738 2468 894 2559 quin
966 2468 1142 2559 quod
1213 2468 1391 2563 apud
1459 2468 1841 2543 Ovidium
1886 2468 2423 2551 Trist.111.12,
2482 2469 2610 2567 4οᾗ

449 2577 604 2642 Sive
662 2585 883 2643 tamen
942 2575 1150 2664 Graja
1211 2576 1432 2641 scierit
1491 2575 1630 2640 sive
1692 2574 1801 2640 ille
1860 2575 2102 2641 Latina
2158 2574 2341 2641 Voce
2401 2572 2602 2663 loqui,

450 2691 627 2747 certe
676 2681 929 2769 gratior
978 2679 1211 2763 huius
1244 2681 1428 2746 erit“
1474 2681 1543 2744 in
1572 2679 1906 2765 Palatinis,
1939 2679 2346 2765 BuslidianO,
2393 2679 2602 2750 tribus

448 2788 826 2855 Heinsianis
881 2796 1131 2855 manet:
1200 2810 1419 2870 usus,
1491 2795 1729 2873 arguat
1784 2808 2048 2853 versum
2106 2788 2463 2877 antiquitus
2511 2790 2618 2879 sic,

453 2884 799 2983 scriptum:
848 2904 1027 2961 certe
1056 2894 1186 2959 hic
1231 2896 1485 2983 gratior
1528 2916 1721 2963 usus
1768 2895 1958 2959 erit.“
2048 2893 2226 2960 Add.
2262 2882 2600 2963 Columell.

451 3002 559 3086 ΙΙΙ.
591 3002 653 3085 2,
687 3002 802 3069 282
847 3002 1051 3067 vitem
1082 3040 1170 3049 —-
1202 3000 1525 3067 Graeca
1570 3000 2180 3067 consuetudine
2216 2999 2603 3067 dracontion

448 3108 727 3175 vocitari
784 3108 1239 3200 comperimus.
1302 3108 1421 3173 30:
1490 3107 1762 3196 propria
1807 3107 2037 3205 vitium
2094 3128 2366 3197 genera,
2433 3129 2602 3194 quae

452 3215 1043 3280 consuetudine
1093 3215 1239 3281 s'ua
1284 3214 1708 3279 nominant.“
1752 3213 1897 3295 ΧΠ.
1929 3213 2150 3280 Praef.
2185 3214 2277 3278 7.:
2324 3212 2490 3282 haec
2535 3215 2604 3281 in

455 3319 891 3413 Oeconomico
923 3320 1319 3409 Xenophon,
1370 3320 1609 3387 deinde
1645 3320 1900 3403 Cicero,
1945 3320 2055 3409 qui
2087 3343 2235 3387 eum
2266 3319 2602 3387 Latinae

454 3428 1047 3495 consuetudini
1086 3426 1382 3496 tradidit.
1400 3431 1441 3466 “
1515 3428 1746 3516 Itaque
1788 3426 2246 3517 firmissimum,
2295 3448 2411 3494 cur
2440 3450 2604 3516 puer

452 3556 586 3599 non
628 3532 1121 3601 Alexandrinus
1188 3534 1528 3600 habendus
1588 3542 1780 3617 esset,
1849 3533 1974 3601 hoc
2034 3533 2276 3625 adjecit
2334 3533 2600 3617 Statius,

452 3640 629 3729 quod
674 3640 873 3720 latine
920 3639 1199 3707 tenellus
1245 3641 1354 3706 ille
1400 3640 1802 3731 loqueretur.
1883 3640 2098 3725 Quam
2134 3663 2274 3713 rem
2313 3640 2604 3707 conside·

452 3748 627 3827 ranti
671 3746 913 3841 (neque
962 3748 1136 3817 enim
1182 3746 1602 3832 dissimulem,
1659 3748 1726 3812 in
1773 3769 1968 3836 quam
2014 3747 2448 3837 suspicionem
2496 3768 2604 3812 ve-

450 3854 624 3919 nerit
682 3876 763 3919 ea
819 3876 976 3937 vox,
1040 3876 1234 3942 quam
1283 3878 1344 3943 Ρ.
1398 3855 1480 3919 10
1526 3855 1594 3919 in
1639 3853 1785 3921 loco
1831 3851 2103 3941 retinui)
2153 3854 2380 3941 quaeri
2425 3852 2603 3933 vide-

452 3969 560 4025 tur
625 3983 839 4063 posse,
910 3984 995 4027 an
1050 3960 1492 4030 Ausonium
1562 3960 1808 4027 cultum
1873 3960 2223 4029 memorari
2289 3968 2600 4049 praestet,

454 4090 647 4156 quam
706 4076 1059 4139 nostrum
1122 4076 1233 4136 aut
1278 4066 1653 4157 Aonium,
1715 4066 1888 4143 unde
1935 4068 2178 4157 exiguo
2228 4066 2600 4133 discrimine

454 4178 816 4263 sejunctum
865 4196 1005 4242 esse
1038 4174 1429 4241 vocabulum
1462 4142 1895 4250 Ausonium
1935 4196 2024 4239 ex
2067 4174 2147 4245 iis
2193 4171 2600 4260 intelligitur,

452 4302 620 4371 quae
668 4304 864 4371 supra
909 4280 1403 4371 disputavimus.
1454 4281 1601 4353 add.
1657 4280 1998 4351 claudian.
2054 4277 2157 4347 VI.
2193 4280 2390 4350 Cons.
2423 4279 2599 4348 Hon.

455 4386 619 4453 273:
667 4387 853 4453 Tunc
899 4389 991 4455 sic
1021 4388 1179 4453 Aus
1199 4388 1464 4456 onium
1506 4394 1885 4476 respectans
1918 4384 2188 4457 aethera
2219 4386 2410 4465 fatur.
2441 4385 2610 4479 Jun.
