3234 4967
1208 434 1488 502 conjece..
1525 436 1731 492 xvm.
2438 406 2541 491 253

391 608 622 675 plebes
658 608 935 659 Plausibus
972 610 1346 672 assurgunt.
1417 606 1515 661 111.
1555 608 1656 659 392
1714 592 2031 657 mirantur
2088 606 2214 657 talia
2262 606 2538 674 plebes.“

394 692 480 744 Jo.
517 690 638 743 vn.
676 694 804 744 5303
876 694 984 743 sine
1044 694 1250 744 nomine
1312 692 1546 757 plebes
1599 690 2055 742 Marmaridae·
2100 691 2299 757 periere
2358 688 2537 743 simul“

395 776 485 841 (cf.
522 778 589 828 11.
630 780 756 830 1383
793 778 1134 829 Marmaridas
1170 784 1364 841 gentes.
1436 777 1531 828 IV.
1571 778 1729 827 10423
1765 776 2104 826 Marmarides
2140 778 2293 827 acies.
2347 776 2414 832 V.
2440 778 2541 829 565

393 862 738 914 Marmaridae
773 862 1027 913 fremuere
1065 861 1230 913 acies“
1273 870 1324 911 et
1361 862 1476 911 574.
1515 860 1635 911 VII.
1674 862 1801 911 635:
1861 860 2095 910 turbatae
2130 861 2265 911 acies
2300 887 2365 897 —
2402 860 2542 911 Mar-

397 948 620 997 maridae
657 948 848 1012 petiere
884 944 1085 1011 fugam)
1147 953 1201 995 et
1233 946 1570 1001 Prudentium
1630 942 1744 1013 περὶ
1781 960 1923 1015 στεφ.
1990 944 2061 996 Χ.
2106 947 2232 997 7093
2300 960 2543 995 coronam

396 1031 677 1096 plebium
713 1030 1100 1093 Proceresque“
1139 1028 1252 1092 (cui
1286 1030 1395 1081 fere
1433 1032 1740 1093 contrarium
1778 1037 1854 1081 est
1887 1030 2016 1081 illud
2052 1030 2286 1092 Horatii:
2348 1025 2543 1080 Plebs

399 1117 553 1177 eris,
615 1118 753 1181 quod
809 1116 1018 1167 strictim
1074 1116 1244 1179 attigit
1277 1114 1519 1165 Petavius
1557 1114 1740 1180 Synes.
1776 1116 1932 1168 Dion.
1980 1130 2030 1179 p.
2069 1116 2151 1174 17,
2210 1120 2265 1163 et
2298 1110 2545 1163 Guilelmi

396 1201 629 1252 Britonis
663 1200 785 1251 XII.
825 1203 952 1251 8883
1024 1200 1208 1265 plebs
1255 1214 1367 1251 esse
1404 1201 1653 1250 dolebunt
1686 1200 1975 1264 Respectus
2012 1198 2290 1264 splendore
2324 1193 2433 1247 tui“
2496 1203 2547 1249 et

400 1284 668 1337 Gualtheri
707 1284 863 1336 Alex.
901 1284 968 1335 V.
1009 1286 1135 1335 5073
1182 1292 1418 1349 respectu
1455 1284 1696 1351 principis
1730 1284 1884 1348 hujus
1920 1284 2116 1335 Plebs
2152 1280 2333 1348 erit“)
2372 1282 2545 1334 mana·

399 1371 572 1433 vitque
605 1370 660 1419 id
699 1370 766 1419 ad
805 1368 1143 1419 Guillermum
1179 1370 1341 1435 Apul.
1365 1368 1463 1420 IV.
1489 1371 1619 1421 384:
1657 1383 1760 1417 non
1796 1368 1960 1419 minus
1985 1368 2213 1419 hostibus
2236 1368 2348 1433 ipsa
2370 1367 2548 1418 Turba

400 1455 646 1505 coartatis
683 1455 778 1503 sibi
815 1454 1116 1519 plebibus
1151 1450 1440 1505 officiebat“
1475 1454 1709 1517 aliosque
1746 1452 1936 1503 similes
1962 1452 2249 1517 scriptores.
2321 1447 2547 1520 Corippo
2611 1447 2619 1453 ’

401 1548 570 1591 autem
608 1540 833 1603 adjicere
869 1540 1016 1599 licet,
1079 1554 1180 1604 quo
1215 1540 1418 1603 planius
1457 1539 1566 1603 ejus
1601 1538 1743 1589 vocis
1778 1552 1905 1589 usus
1942 1540 2315 1602 cognoscatur,
2376 1536 2541 1601 Theb.

401 1624 520 1679 vll.
563 1626 692 1675 2713
727 1622 988 1689 Neptunia
1022 1624 1251 1689 plebes
1289 1622 1562 1673 Onchesti“
1601 1622 1829 1688 (pubes
1866 1626 2043 1675 Burm.
2078 1622 2202 1674 val.
2236 1622 2411 1675 Flacc.
2446 1614 2545 1677 ῙῙΪ.

404 1710 503 1759 703
540 1725 592 1774 p.
628 1706 766 1773 318).
839 1708 906 1758 IL
948 1710 1074 1759 1563
1128 1708 1423 1773 plebique
1460 1710 1729 1774 Pelasgae.
1800 1710 1952 1761 VIII.
1988 1712 2115 1761 3183
2152 1708 2385 1774 plebes
2438 1720 2547 1757 ex·

405 1800 596 1853 terna.
664 1792 764 1845 XI.
799 1796 895 1842 111
935 1792 1169 1843 Lernaea
1203 1820 1268 1829 —
1304 1794 1498 1860 plebes.
1567 1794 1613 1847 1.
1652 1798 1777 1847 1693
1834 1796 2013 1845 Plebis
2048 1781 2347 1845 &chioniae
2420 1780 2547 1844 5613

408 1878 602 1929 Plebs
637 1878 890 1941 Argiva
926 1878 1090 1929 litant.
1161 1879 1274 1932 619.
1313 1878 1505 1929 Inacha
1541 1881 1716 1945 pubes.
1789 1879 1989 1942 Queck.
2044 1878 2193 1933 codd.
2246 1877 2443 1942 aliquot
2495 1886 2548 1927 et

405 1964 608 2014 Monac.
647 1961 691 2014 G
727 1958 818 2029 (m.
855 1960 962 2027 pr.)
997 1961 1228 2027 plebes
1267 1960 1352 2026 (cf.
1390 1965 1586 2018 Achill.
1622 1965 1669 2017 1.
1702 1966 1836 2017 4913
1895 1966 2079 2019 vallati
2113 1963 2305 2030 plebe
2343 1975 2549 2016 suorum

399 2074 469 2091 .·--
507 2045 737 2113 reges“).
805 2046 874 2099 X.
911 2047 1010 2097 669
1061 2046 1309 2097 Cadmeia
1364 2049 1574 2113 pubes.
1637 2035 1785 2102 codd.
1822 2047 2001 2105 Barth.
2040 2050 2239 2112 Queck.
2296 2047 2549 2114 plebes,

405 2140 462 2181 ut
493 2126 598 2183 IV.
635 2132 762 2193 345:
823 2130 1001 2182 Cadmi
1038 2132 1294 2182 Mavortia
1328 2134 1512 2197 plebe
1528 2150 1568 2189 s.
1642 2134 1916 2187 Claudian.
1956 2136 2073 2190 Sec.
2112 2133 2263 2186 Cous.
2300 2132 2412 2184 Stil.
2450 2134 2547 2185 191

405 2216 664 2267 Mavortia
696 2211 943 2281 plebes.
1011 2215 1192 2267 Burm.
1229 2217 1264 2267 l.
1302 2218 1348 2270 d.
1387 2226 1441 2269 et
1476 2218 1752 2271 claudian.
1787 2218 1908 2271 Rus.
1942 2218 2012 2271 11.
2048 2222 2147 2271 283
2182 2236 2231 2287 p.
2271 2221 2336 2269 87
2372 2234 2449 2283 sq.
2474 2214 2550 2271 'et

403 2298 608 2352 Fabi-ic.
647 2302 814 2351 Poett.
854 2299 1042 2353 Christ.
1077 2318 1130 2367 p.
1168 2302 1279 2355 105.
1319 2303 1434 2353 add.
1473 2304 1637 2354 Theb.
1674 2304 1771 2357 IX.
1810 2304 1941 2357 5783
2013 2304 2289 2356 Exterrem
2328 2292 2549 2355 nemoris

405 2386 840 2452 Dryadumque
875 2398 910 2435 a
944 2386 1135 2450 plebe
1170 2385 1451 2451 fugatam.“
1520 2388 1588 2438 V.
1607 2390 1741 2441 4883
1776 2387 1934 2455 impia
1950 2390 2127 2455 plebes
2146 2385 2548 2454 (Lemniadum).

404 2470 632 2523 Martial.
667 2470 762 2525 XI,
801 2471 882 2531 53,
918 2472 978 2521 23
1015 2469 1196 2520 Latiae
1233 2479 1442 2537 pectora
1476 2474 1695 2537 plebis
1732 2474 1939 2527 habet.“
2008 2474 2219 2526 Deinde
2256 2473 2395 2537 quod
2416 2471 2549 2523 Abl-

407 2556 630 2606 wardtus
665 2554 1062 2621 Huschkiusque
1099 2555 1213 2609 Tib.
1250 2554 1346 2606 lv.
1383 2558 1434 2619 4,
1471 2558 1536 2609 25
1572 2574 1624 2623 p.
1662 2556 1761 2609 626
1798 2574 1829 2609 a
1864 2558 2066 2609 ratione
2101 2566 2151 2608 et
2186 2558 2550 2609 consuetudine

407 2630 649 2704 loquendi
675 2640 896 2703 flagitari
919 2641 1210 2691 existimant
1244 2640 1374 2690 ruit
1407 2642 1619 2704 turba,
1654 2644 1827 2709 respui
1860 2650 2057 2693 ruunt
2090 2642 2302 2705 turba,
2338 2658 2550 2707 magno·

406 2738 530 2789 pere
566 2726 850 2783 verendum
889 2731 990 2787 est,
1047 2740 1112 2775 ue
1148 2725 1381 2777 homines
1417 2728 1696 2779 cautissimi
1748 2727 1905 2793 paulo
1941 2728 2157 2781 celerius
2186 2713 2581 2801 judicaverints

411 2816 594 2859 extant
651 2810 784 2859 enim
839 2818 1037 2875 praeter
1070 2825 1158 2871 ea,
1205 2826 1334 2875 quae
1370 2808 1588 2877 protulit
1623 2812 1844 2864 Orellius
1893 2812 2017 2867 Hor.
2057 2812 2225 2864 Carm.
2262 2812 2362 2864 111.
2400 2814 2449 2875 5,
2486 2815 2551 2864 17

408 2908 474 2959 p..
498 2894 617 2955 377,
653 2894 807 2945 haecz
845 2893 1013 2945 Theb.
1047 2893 1166 2947 VII.
1203 2896 1329 2946 6053
1389 2898 1659 2947 subeant
1692 2898 1937 2963 Tegeaea
1987 2896 2297 2961 juventus
2333 2896 2551 2949 Auxilio

410 2978 584 3032 tardi
617 2975 713 3043 (cf.
751 2978 818 3029 V.
854 2982 986 3033 4883
1057 2980 1226 3031 fremit
1285 2982 1442 3047 impia
1476 2982 1654 3048 plebes
1690 2982 1930 3051 Sentibus
1987 2994 2293 3032 accensae
2338 2981 2552 3032 stimulis

408 3049 708 3129 poenasque
745 3064 1106 3131 reposcuut“).
1179 3066 1297 3117 vn.
1337 3068 1463 3117 2713
1519 3074 1711 3117 ruunt
1745 3065 2024 3117 Onchestia
2058 3064 2286 3131 plebes.“
2357 3064 2551 3122 Achill.

409 3146 476 3201 11.
515 3150 643 3201 1673
703 3147 1041 3201 Solvuntur
1075 3152 1286 3204 laudata
1321 3152 1538 3203 cohors“
1597 3150 1691 3215 (cf.
1728 3149 1892 3203 Theb.
1927 3149 1995 3202 11.
2033 3150 2159 3203 5233
2229 3150 2395 3211 tacitis
2452 3150 2553 3201 huc

409 3235 670 3299 gressibus
723 3236 853 3285 acti
887 3236 1272 3287 Deveniunt
1315 3238 1608 3303 peritura
1641 3236 1889 3287 cohors.
1890 3234 1921 3261 66
1992 3234 2117 3286 vn.
2155 3231 2280 3285 1683
2326 3234 2555 3287 imbellis

411 3342 476 3355 -
513 3317 692 3369 Turba
727 3334 868 3371 meas
906 3322 1054 3384 acies,
1091 3336 1207 3373 mea
1241 3328 1435 3373 tantum
1469 3322 1672 3391 proelia
1705 3328 1910 3374 norunt.
1980 3320 2080 3373 IX.
2118 3322 2243 3373 1403
2280 3318 2389 3371 Ter
2412 3319 2555 3381 Gad·
2602 3308 2607 3315 ’

412 3418 529 3457 mea
559 3404 858 3470 phalanx
891 3408 1094 3457 torvum
1129 3407 1456 3459 abduxere
1518 3408 1753 3457 cadaver.
1823 3404 1975 3457 vm.
2010 3405 2138 3457 3183
2208 3406 2388 3471 plebes
2444 3405 2555 3457 Ex·

413 3497 557 3540 terna
595 3514 658 3527 --
697 3491 797 3540 huc
831 3490 1182 3542 adventamus‘
1185 3492 1241 3557 6).
1315 3490 1525 3558 Coripp.
1561 3492 1647 3543 Jo.
1685 3491 1755 3543 V.
1790 3492 1917 3541 4113
1972 3489 2430 3543 contrahimur
2462 3492 2555 3544 mi·

413 3576 631 3626 seranda
669 3589 806 3626 man
822 3576 924 3627 us“
963 3574 1200 3639 (Gualth.
1237 3576 1396 3637 Alex.
1429 3576 1502 3636 11.
1539 3577 1667 3628 3813
1705 3576 1825 3639 Quo
1860 3575 2005 3627 ruitis
2040 3576 2269 3642 peritura
2303 3568 2564 3641 manusi),

414 3659 534 3723 alia,
571 3675 702 3725 quae
739 3662 909 3711 attulit
945 3661 1237 3713 Gronovius
1272 3658 1438 3712 Theb.
1473 3662 1546 3715 11.
1585 3664 1681 3714 158
1722 3678 1773 3728 p.
1809 3662 1909 3714 322
1970 3660 2037 3715 cf.
2071 3660 2247 3713 Heius.
2284 3659 2559 3712 claudian.

415 3744 473 3797 R.
510 3745 655 3815 Bros.
691 3746 735 3803 ΙΙ.
775 3747 842 3796 20
878 3763 928 3811 p.
967 3748 1082 3798 543.
1154 3748 1389 3811 Denique
1424 3746 1524 3796 hoc
1561 3761 1765 3812 quoque
1803 3747 2023 3802 dubitari
2059 3754 2255 3814 potest,
2310 3762 2377 3797 au
2427 3746 2561 3799 illud

417 3818 735 3881 saevitiae
771 3839 1132 3895 argumentum
1168 3830 1346 3882 haberi
1380 3847 1474 3896 par
1507 3827 1576 3881 sit
1609 3833 1712 3883 loci
1747 3848 1780 3883 a
1812 3832 1978 3885 Statio
2014 3828 2072 3883 in
2108 3847 2219 3883 eam
2255 3831 2558 3883 seutentiam

415 3917 607 3981 scripti,
644 3930 795 3981 quam
833 3916 1124 3981 significant
1147 3916 1402 3966 Lucanus
1446 3916 1540 3966 IX.
1579 3919 1706 3969 2543
1776 3918 1962 3983 Indiga
2018 3917 2273 3970 servitii
2329 3914 2562 3968 fervebat

415 4000 586 4051 littore
621 4000 829 4067 plebes“
865 4008 917 4051 et
940 3991 1184 4051 Valerius
1221 4000 1438 4051 Flaccus
1475 4000 1547 4051 11.
1577 4004 1700 4053 1803
1739 4019 1885 4053 mene
1922 4003 2011 4053 ille
2036 4004 2197 4065 novis,
2232 4018 2313 4055 me
2339 4002 2563 4054 destinat

415 4097 592 4146 amens
629 4082 916 4146 Servitiis“‚
975 4093 1034 4136 ut
1077 4086 1451 4155 intelligeretur
1485 4084 1709 4137 defuisse
1742 4087 1951 4153 plebis
1986 4089 2286 4141 servitia:
2356 4088 2564 4141 Desunt

417 4172 658 4225 servitia
716 4178 783 4221 et
839 4172 1019 4237 plebes
1072 4170 1152 4235 (ut
1186 4166 1354 4223 Theb.
1388 4170 1651 4245 IV.·238=
1722 4174 2009 4238 depressae
2043 4174 2283 4240 populus.
2353 4174 2563 4225 Monac.

415 4257 704 4323 depressae
743 4264 803 4305 et
839 4264 893 4306 et
925 4270 1056 4322 quae
1091 4256 1200 4308 Sin.
1236 4255 1360 4308 VII.
1397 4259 1428 4306 2
1467 4264 1570 4309 not.
1607 4258 1674 4309 39
1709 4275 1759 4325 p.
1799 4259 1895 4310 137
1932 4274 1992 4315 ac
2016 4274 2171 4326 supra
2206 4260 2323 4311 adn.
2358 4256 2470 4313 Ecl.
2494 4255 2563 4309 4³

415 4358 467 4409 p.
505 4344 588 4393 68.
626 4340 922 4407 attulimus).
993 4341 1263 4394 Postremo
1315 4344 1356 4394 si
1411 4344 1522 4407 quis
1566 4342 1645 4406 id,
1706 4346 1843 4411 quod
1878 4360 1970 4395 nos
2007 4346 2267 4406 volumus,
2325 4349 2563 4410 apertum

420 4430 844 4493 manifestumque
877 4427 1066 4479 factum
1104 4431 1268 4481 adhuc
1303 4438 1471 4495 neget,
1508 4445 1626 4481 eum
1656 4428 1893 4494 jubemus
1931 4445 2186 4481 assumere
2224 4431 2437 4481 duarum
2467 4442 2561 4479 vo-

2061 4515 2126 4565 17
2137 4513 2167 4546 ⁸¹
2213 4533 2218 4537 ·
