3234 4967
641 377 725 445 94
1553 382 1777 437 Adnot.
1812 384 1906 436 58.

634 587 798 653 Her.
844 587 962 653 XI.
1009 586 1122 653 53:
1157 587 1574 675 elapsaque
1609 587 1816 655 verba
1845 589 2314 677 reprendo“
2346 590 2423 655 ac
2453 588 2793 679 Propertii.

634 692 754 760 ΙΙΙ.
807 694 909 776 17,
958 694 1030 759 9:
1080 693 1295 776 Quam
1339 695 1548 781 possit
1579 704 1835 761 vestros
1866 697 2287 784 quisquam
2333 695 2786 786 reprehen-

639 800 834 866 dere
903 822 1131 866 cursus
1149 804 1191 839 “
1256 800 1424 866 velis
1493 800 1623 867 dici
1685 802 1969 889 gemitus
2039 812 2107 868 et
2170 801 2460 869 lamenta
2520 805 2784 869 omnino

636 930 718 973 re
736 908 986 996 primi.
1081 907 1258 990 Quin
1303 908 1505 993 igitur
1563 907 1873 995 dignitati
1932 918 2000 975 et
2060 908 2424 997 elegantiae
2474 912 2787 977 orationis

639 1012 1034 1081 consulimus
1079 1013 1455 1102 rejiciendo,
1490 1013 1666 1102 quod
1702 1035 1787 1079 ex
1820 1013 2047 1083 Ovidii
2078 1015 2239 1081 Her.
2272 1014 2315 1081 l.
2350 1016 2415 1081 d.
2447 1018 2781 1084 invectum

639 1119 902 1187 videtur
961 1140 1135 1186 esse:
1206 1118 1530 1186 Contineo
1599 1122 1957 1206 gemitus
2012 1119 2363 1210 elapsaque
2412 1122 2619 1189 verba
2663 1146 2788 1189 re-

637 1225 1010 1315 prend0,“
1069 1222 1495 1291 adsciscendo
1539 1225 1633 1309 id,
1680 1226 1858 1314 quod
1922 1227 2199 1317 praebet
2268 1229 2552 1316 optimus
2620 1227 2789 1296 liber

639 1329 1076 1422 rependis?
1111 1328 1308 1413 Quod
1339 1330 1614 1398 verbum
1648 1353 1851 1420 quum
1882 1330 2231 1421 aliquoties
2263 1336 2563 1401 nocuerit
2593 1332 2782 1401 alteri

641 1438 746 1528 (ut
812 1437 990 1527 apud
1049 1437 1400 1524 Virgilium
1455 1436 1626 1503 Aen.
1675 1437 1749 1503 Π.
1797 1438 1957 1506 444:
2026 1439 2293 1526 fastigia·
2359 1452 2785 1530 prensant.

641 1546 903 1631 Menag.
951 1543 1062 1610 alt.
1109 1553 1422 1633 pensant
1467 1554 1532 1609 et
1578 1546 1648 1610 in
1712 1544 1910 1611 Statii
1954 1567 2151 1611 versu
2205 1545 2410 1614 Theb.
2459 1546 2568 1615 VI.
2621 1548 2785 1614 241:

642 1653 894 1719 alterno
944 1650 1072 1739 dep
1086 1674 1118 1715 r
1133 1650 1408 1717 enditur
1453 1654 1667 1716 unus“
1716 1650 2103 1740 Anonymus
2162 1652 2246 1718 de
2307 1652 2629 1742 Computo
2678 1678 2783 1744 ap.

643 1760 883 1827 Murat.
929 1756 1177 1823 Anecd.
1229 1757 1306 1822 Τ.
1352 1757 1458 1821 ΙΙΙ.
1505 1778 1651 1845 cap.
1713 1757 1800 1822 42
1860 1758 1999 1824 sive
2047 1756 2243 1845 Valg.
2306 1782 2371 1847 p.
2420 1759 2545 1825 451
2598 1760 2787 1846 affert

645 1865 986 1952 scriptum:
1037 1861 1464 1951 dependitur
1508 1868 1721 1928 unus“
1752 1872 1825 1928 ut
1857 1863 2145 1930 deterius
2175 1864 2305 1929 fide
2362 1866 2575 1933 Servii
2618 1864 2783 1930 Aen.

645 1972 818 2037 VIII.
867 1969 998 2035 590
1041 1992 1109 2058 p.
1153 1970 1280 2034 491
1332 1977 1400 2034 et
1443 1969 1677 2035 Isidori
1726 1968 1957 2056 Origg.
2003 1970 2131 2037 III.
2206 1972 2319 2055 70,
2383 1972 2465 2035 19
2522 1992 2586 2058 p.
2638 1971 2785 2053 133,

643 2079 738 2143 ita
781 2074 1010 2141 melius
1055 2074 1189 2159 illo,
1239 2074 1418 2164 quod
1445 2077 1668 2163 posuit
1713 2076 1925 2141 Titius
1973 2074 2290 2165 Calpurn.
2338 2074 2479 2142 Ecl.
2526 2076 2610 2141 V.
2662 2076 2783 2141 121

645 2207 710 2272 p.
757 2183 924 2249 684:
967 2181 1431 2271 deperditur
1498 2181 1843 2271 humor),
1892 2184 2153 2271 saepius
2198 2185 2410 2271 ipsum
2480 2182 2789 2249 damnum

646 2290 821 2373 fecit,
867 2299 939 2354 ut
985 2288 1189 2355 Theb.
1238 2287 1427 2354 VIII.
1475 2288 1639 2353 209:
1687 2290 2036 2377 tristesque
2095 2289 2568 2378 rependant
2622 2288 2795 2353 Exe-

649 2397 848 2486 quias.
900 2395 1030 2461 duo
1076 2394 1270 2460 codd.
1315 2394 1544 2461 Barth.
1595 2418 1663 2482 p.
1714 2396 1845 2461 832
1888 2416 2161 2483 repren
2178 2395 2355 2461 dant.
2450 2394 2792 2462 claudian.

649 2502 828 2571 Mall.
900 2502 1028 2567 228
1099 2501 1564 2590 rependens.
1680 2500 1855 2567 Maz.
1940 2500 2213 2567 Gevart.
2294 2500 2793 2590 reprendens.

649 2611 967 2676 Buenem.
1014 2607 1312 2675 Lactant.
1362 2606 1539 2695 Opis.
1587 2609 1651 2691 3,
1700 2606 1742 2671 5
1790 2630 1855 2695 p.
1917 2608 2104 2673 1129.
2204 2607 2451 2673 Lucan.
2497 2607 2616 2673 lx.
2663 2606 2795 2671 685

652 2714 1018 2805 pensabat
1062 2714 1210 2779 iter.
1257 2713 1421 2779 Exc.
1471 2710 1701 2802 Steph.
1747 2713 2155 2802 prensabat.
2204 2713 2373 2780 vul.
2432 2714 2561 2779 849
2608 2734 2797 2801 pen·

653 2823 836 2889 dere
883 2824 1086 2911 justa.
1133 2819 1324 2886 codd.
1385 2818 1558 2885 Oud.
1621 2818 1993 2907 prendere
2008 2818 2099 2911 ²¹⁴).
2194 2820 2605 2908 Quamquam
2650 2819 2799 2907 ipsa

815 3052 864 3116 ¹⁹)
899 3049 1050 3103 Jdem
1090 3048 1306 3103 verbum
1343 3046 1602 3101 Emendd.
1644 3047 1803 3101 Tacit.
1830 3065 1881 3117 p.
1921 3049 1949 3099 7
1978 3048 2086 3101 Act.
2122 3047 2189 3101 ad
2229 3048 2396 3118 Antiq.
2422 3047 2572 3102 Stud.
2610 3049 2800 3117 pertin.

899 3136 1032 3189 1852
1069 3134 1392 3187 restituimus
1431 3133 1667 3192 Tacito
1703 3134 1833 3187 Ann.
1868 3131 1999 3189 xlv.
2046 3136 2142 3200 543
2178 3135 2472 3206 „Superest
2507 3133 2601 3187 tibi
2639 3132 2801 3187 robur

897 3228 949 3275 et
987 3228 1064 3274 tot
1098 3238 1196 3291 per
1232 3237 1404 3275 annos
1453 3222 1620 3275 visum
1669 3222 1863 3289 fastigii
1915 3222 2179 3289 regimem
2224 3236 2511 3291 possumus
2556 3220 2799 3273 seniores

894 3309 1051 3361 amici
1108 3308 1285 3377 quiete
1341 3307 1824 3377 respondere.“
1930 3307 2279 3375 Agnoscimus
2343 3307 2483 3361 enim
2540 3305 2797 3359 Senecam

896 3394 999 3447 hoc
1035 3393 1330 3447 dicentem:
1382 3388 1528 3446 illam
1579 3394 1730 3462 quasi
1782 3392 2087 3463 superbiam
2125 3394 2391 3453 fortunae,
2442 3408 2544 3463 qua
2594 3398 2669 3444 tot
2706 3404 2804 3461 per

898 3496 1068 3533 annos
1122 3481 1354 3550 principi
1411 3479 1657 3533 admotus
1704 3480 1828 3540 fuit,
1883 3485 2095 3549 tempus
2133 3477 2244 3547 jam
2294 3492 2417 3532 esse
2466 3485 2522 3531 ut
2569 3478 2802 3547 privatae

897 3569 1034 3620 vitae
1071 3567 1247 3636 quiete
1285 3572 1338 3619 et
1373 3564 1665 3619 humilitate
1702 3572 2015 3635 compenset
2060 3572 2219 3636 atque
2256 3580 2377 3619 sese
2416 3565 2530 3634 ipse
2568 3563 2633 3617 ab
2671 3564 2805 3617 invi·

899 3654 988 3707 dia
1030 3653 1253 3707 redimat
1290 3651 1451 3723 idque
1495 3668 1560 3705 eo
1585 3652 1918 3706 commodius
1944 3653 2076 3715 fieri,
2113 3652 2254 3722 quod
2280 3652 2565 3718 plurimum
2594 3649 2801 3703 roboris

894 3740 1010 3809 ipse
1049 3741 1310 3809 princeps
1338 3737 1534 3790 habere
1573 3737 1828 3792 videatur.
1901 3734 2080 3809 ltaque
2106 3740 2185 3792 sic
2222 3738 2380 3793 verba
2408 3738 2563 3792 simul
2602 3736 2804 3791 descri-

899 3825 1072 3879 benda
1122 3832 1174 3879 et
1219 3824 1536 3892 corrigenda
1587 3830 1737 3877 sunt:
1792 3824 2087 3894 „Superest
2122 3825 2215 3878 tibi
2257 3826 2443 3886 robur,
2495 3830 2547 3876 et
2582 3830 2659 3877 tot
2708 3838 2805 3891 per

895 3928 1064 3966 annos
1102 3913 1270 3965 visum
1307 3910 1500 3977 fastigii
1540 3912 1777 3978 regimen
1817 3926 2104 3980 possumus
2141 3913 2387 3965 seniores
2426 3910 2582 3963 amici
2620 3910 2803 3979 quiete

898 4014 1058 4067 repe
1079 3996 1344 4051 ndere.“
1416 3992 1534 4048 Vid.
1573 3996 1838 4050 Schwarz.
1888 3996 2018 4051 Plin.
2066 3997 2189 4051 Pan.
2226 3998 2311 4058 44,
2349 3999 2381 4048 5
2420 4013 2473 4067 p.
2512 3996 2629 4048 182.
2667 3991 2806 4047 Oud.

896 4083 1048 4152 Apul.
1081 4082 1201 4136 Met.
1239 4079 1326 4135 vl.
1362 4099 1417 4153 p.
1456 4082 1575 4153 424.
1645 4081 1757 4136 Nec
1783 4084 2017 4153 poenitet
2053 4083 2225 4137 eidem
2254 4082 2557 4137 reddidisse
2594 4077 2677 4134 XI.
2714 4080 2809 4131 23:

898 4168 1038 4233 Quid
1077 4170 1182 4221 sic
1219 4169 1474 4221 memoria
1503 4168 1774 4223 Senonum
1815 4178 2223 4231 mereretur,
2248 4184 2417 4241 quae
2455 4167 2809 4241 Capitolium

898 4261 949 4307 et
985 4255 1238 4307 curiam
1267 4252 1558 4309 Romanam
1598 4254 1911 4310 manibus
1950 4256 2239 4310 eorundem
2279 4249 2813 4325 praedestinet?

899 4342 1033 4393 sati
1073 4339 1226 4393 illis
1275 4342 1574 4395 fruerentur
1620 4340 1823 4407 (satis
1884 4343 1969 4395 iis
2016 4342 2267 4403 detunu
2314 4338 2644 4404 fruerentur)
2682 4352 2810 4391 sane

899 4425 1154 4481 vocabulo
1227 4426 1449 4479 civitatis
1509 4426 1614 4490 (de
1684 4444 1789 4498 quo
1856 4426 1973 4481 ioco
2052 4427 2211 4497 longe
2283 4428 2436 4480 aliter
2506 4431 2809 4479 statuerunt
