3234 4967
1201 373 1498 441 Conjeet.
1531 376 1681 430 XIX.
2412 379 2513 430 269

392 549 433 603 1.
487 549 551 600 62
603 562 654 611 p.
707 536 821 602 546.
909 547 1072 602 Drak.
1124 549 1236 601 Liv.
1273 549 1394 604 vn.
1451 551 1533 612 39,
1590 551 1655 600 ιο
1707 562 1761 611 p.
1813 546 1933 614 332)
1992 549 2065 600 sic
2122 548 2400 616 perpolite,
2457 559 2513 600 ut

394 634 579 686 existat
615 631 756 694 hoez,

1016 765 1090 816 mi
1105 773 1127 815 t
1137 772 1157 815 t
1168 781 1194 816 e
1209 781 1240 815 n
1251 772 1272 814 t
1284 765 1300 813 i
1313 781 1343 815 a
1379 779 1633 815 murmura
1666 779 1884 814 somnos,

393 891 467 942 Ut
501 897 670 942 autem
707 891 1022 958 apertissima
1056 908 1134 954 res
1171 899 1250 944 tot
1285 895 1547 944 doctorum
1583 893 1744 943 aciem
1780 891 2002 958 fugeret,
2039 891 2225 942 facmm
2264 901 2341 944 est
2376 893 2515 956 inscu-

393 977 550 1025 lentia
585 975 730 1035 verbi
763 977 1078 1031 mittendi.
1127 979 1300 1041 'Quod
1351 980 1405 1029 in
1459 981 1631 1030 eadem
1685 963 2189 1043 sententiapositum
2221 979 2423 1029 invenio
2459 979 2515 1028 in

393 1061 554 1112 Anth.
591 1062 708 1112 Lat.
745 1063 842 1118 ΠΙ.
880 1065 962 1128 61,
1001 1068 1058 1117 7:
1111 1067 1182 1116 Et
1231 1079 1354 1116 non
1389 1065 1723 1116 sollicitos
1758 1064 2031 1116 missura
2062 1080 2322 1131 papavera
2356 1079 2515 1114 som-

393 1145 546 1199 nos“
583 1156 632 1199 et
667 1165 698 1200 a
731 1147 858 1200 Silio
892 1149 960 1202 V.
998 1152 1123 1203 354:
1177 1166 1460 1202 somnum
1513 1158 1650 1201 tacto
1702 1149 1939 1206 misisse
1994 1150 2233 1216 chelydro
2269 1147 2517 1200 Anteibat

394 1235 651 1295 eunet0s“‚
687 1249 812 1298 quos
848 1236 985 1286 locos
1021 1251 1322 1303 componere
1356 1236 1487 1302 fugit
1521 1236 1783 1287 Heinsium
1818 1229 1909 1286 Sil'.
1946 1235 2051 1288 111.
2087 1236 2185 1286 302
2222 1248 2267 1296 p.
2310 1237 2404 1286 151
2466 1243 2518 1284 et

395 1317 799 1370 Wernsdorfium
834 1321 893 1372 P.
931 1323 992 1372 L.
1026 1323 1096 1374 M
1135 1321 1231 1375 VI.
1278 1339 1328 1389 p.
1366 1324 1479 1374 200.
1553 1319 1871 1385 Quamquam
1924 1322 2012 1372 alii
2064 1321 2315 1373 recordati
2350 1316 2516 1374 Theb.

393 1403 490 1454 IV.
524 1405 654 1457 431:
687 1406 964 1470 dulcesque
990 1407 1230 1458 altissima
1265 1421 1514 1458 somnos
1549 1405 1673 1456 Lux
1708 1407 1954 1479 movet“
1990 1406 2205 1458 fortasse
2231 1406 2515 1471 praeferent

394 1489 516 1538 hoc:
551 1491 896 1542 motantia“
933 1491 997 1542 cf.
1033 1493 1210 1544 Heius.
1245 1491 1392 1545 ovid.
1431 1493 1558 1545 Met.
1595 1491 1747 1542 XIII.
1774 1493 1873 1542 937
1909 1507 1957 1557 p.
1983 1493 2098 1542 926.
2172 1490 2346 1541 Burm.
2372 1490 2515 1556 Virg.

394 1573 521 1625 Aen.
558 1573 656 1626 111.
693 1577 791 1628 415
827 1589 876 1638 p,
913 1579 1029 1628 408.
1097 1577 1208 1631 Nee
1243 1578 1445 1642 majoris
1481 1577 1748 1629 moliminis
1784 1587 1861 1628 est
1895 1577 2077 1628 tollere
2114 1575 2356 1638 alterum,
2417 1591 2517 1640 quo

396 1659 504 1722 eJus
537 1675 710 1712 versus
745 1663 996 1713 sententia
1029 1663 1259 1726 laborat,
1309 1665 1498 1714 vitium.
1567 1649 1699 1715 Nam
1734 1676 1896 1726 neque
1934 1663 2069 1727 quod
2106 1679 2136 1712 a
2174 1660 2431 1712 Gronovio
2470 1668 2518 1712 et

397 1744 606 1796 Heinsio
642 1748 902 1798 inventum
941 1749 1308 1800 commendavit
1329 1747 1649 1800 Burmannus
1673 1746 1828 1798 Anth.
1864 1747 1979 1800 Lat.
2014 1747 2111 1798 111.
2132 1748 2213 1807 26,
2251 1750 2277 1798 1
2318 1763 2366 1814 p.
2392 1750 2518 1799 475:

394 1831 619 1896 pigros
676 1833 891 1883 invitant
947 1849 1198 1884 murmura
1248 1835 1483 1886 somnos“
1541 1849 1739 1899 neque,
1797 1835 1936 1897 quod
1988 1833 2229 1884 audacius
2264 1833 2520 1884 arcessivit

395 1914 764 1970 Marklandus:
799 1925 1056 1971 teneros
1090 1919 1303 1970 inritant
1337 1935 1592 1970 murmura
1627 1917 1899 1984 (earmina)
1936 1919 2192 1980 somnos“,
2228 1927 2328 1970 tam
2348 1925 2518 1985 aptum

395 2016 674 2067 verumque
709 2011 834 2069 puto
871 2019 996 2066 esse,
1033 2021 1184 2070 quam
1223 2007 1359 2070 quod
1396 2021 1513 2081 ego,
1531 2006 1730 2056 restitui
1765 2005 1911 2056 volo:

911 2137 1185 2200 pingues
1219 2134 1470 2185 mittentia
1503 2149 1759 2185 murmura
1792 2149 1997 2186 somnos

398 2261 667 2325 repetitum
704 2275 770 2310 ex
803 2259 971 2312 Ovidii
1005 2263 1320 2327 aliorumque
1374 2264 1436 2315 iis
1486 2263 1640 2326 loeis,
1699 2278 1826 2328 quos
1887 2261 2232 2326 explanarunt
2281 2263 2519 2314 Heinsius

397 2342 546 2396 ovid.
582 2345 703 2399 Her,
727 2346 860 2414 XII.
900 2350 998 2398 170
1035 2361 1082 2410 p.
1122 2350 1219 2401 169
1257 2358 1306 2399 et
1341 2349 1665 2401 Burmannus
1700 2347 1899 2400 Lucan.
1934 2347 2003 2399 X.
2040 2349 2142 2400 354
2177 2360 2224 2408 p,
2265 2350 2378 2398 721.
2437 2347 2519 2398 De

381 2430 588 2494 -origine
625 2440 790 2482 autem
815 2433 924 2482 vitii
949 2447 1246 2500 comparare
1281 2436 1598 2486 commodum
1637 2440 1715 2485 est
1748 2449 1862 2484 cum
1900 2448 1975 2494 ea,
2011 2449 2142 2498 quae
2168 2431 2397 2497 Conject.
2422 2433 2519 2486 XI.

397 2518 828 2581 exprompsimus,
866 2526 971 2568 tum
1010 2516 1284 2570 Claudiani
1318 2521 1485 2570 locum
1520 2518 1674 2586 Idyn.
1710 2518 1805 2572 VI.
1841 2519 1933 2569 65:
1968 2517 2099 2568 Hine
2134 2519 2407 2584 pingues
2441 2533 2519 2568 re-

394 2607 576 2666 petunt
609 2601 758 2653 fessi.
789 2601 1267 2656 sudore·1acuuas.“
1338 2605 1482 2656 Vatt.
1517 2604 1629 2654 Pal.
1668 2603 1901 2656 Barthol.
1952 2604 2172 2670 pigras
2226 2603 2287 2658 cf.
2325 2603 2517 2658 Lucan.

396 2685 430 2734 1.
465 2687 514 2736 d.
551 2686 720 2742 Guelf.
761 2691 788 2738 1
825 2690 1066 2755 pigues.
1137 2691 1318 2742 Avien.
1353 2693 1420 2744 D.
1461 2689 1523 2741 Ο.
1561 2691 1658 2742 581
1713 2705 1835 2741 usu.
1892 2691 2004 2740 cod.
2048 2689 2115 2751 A.
2151 2688 2341 2741 Venet.
2379 2691 2519 2754 risu,

397 2771 514 2833 alia,
569 2787 699 2836 quae
753 2776 921 2828 adnot.
957 2775 1136 2840 Eelog.
1174 2791 1222 2828 r.
1258 2778 1326 2829 46
1362 2777 1683 2826 contulimus.
1754 2773 1944 2826 Statius
1979 2775 2133 2840 igitur
2166 2789 2259 2824 suo
2290 2775 2407 2837 jure
2443 2789 2521 2826 re-

399 2859 659 2921 cuperavit
709 2861 1011 2910 mittendi
1062 2862 1287 2916 verbum.
1359 2863 1436 2912 At
1486 2863 1539 2911 in
1572 2859 1846 2925 Virgilii
1883 2859 2018 2912 Aen.
2070 2859 2195 2912 ΧΠ.
2234 2861 2361 2913 6293
2428 2877 2521 2912 nos

395 2955 550 2993 saeva
608 2959 760 2994 manu
817 2946 1145 2997 mittamus
1181 2946 1414 3002 funera
1449 2941 1697 2998 Teucris“
1758 2946 1883 3012 quid
1915 2944 2276 3012 Peerlkampio
2335 2958 2383 3007 p,
2420 2948 2519 2997 441

396 3026 716 3080 scribendum
751 3030 928 3094 fuerit,
988 3049 1092 3084 non
1129 3034 1280 3084 dubie
1315 3033 1506 3082 indicat
1541 3031 1815 3083 Thebaidis
1851 3032 1997 3082 locus
2054 3031 2149 3082 IX.
2188 3033 2315 3096 566,
2375 3047 2521 3096 quem

395 3111 603 3166 strictim
639 3117 802 3182 attigit
834 3118 1070 3169 Heinsius
1109 3117 1376 3170 Claudian.
1413 3117 1532 3170 Ruf.
1569 3117 1610 3168 Ι.
1648 3119 1745 3168 222
1795 3129 1839 3178 p.
1875 3119 1969 3168 49:
2028 3125 2201 3167 mutua
2237 3114 2405 3180 Grajis
2442 3113 2522 3166 Si·

397 3200 660 3264 doniisque
696 3201 844 3254 simul
878 3205 1178 3255 nectebat
1210 3205 1482 3257 vulnera
1515 3203 1782 3266 Mavors“;
1844 3217 2007 3268 neque
2062 3204 2195 3254 enim
2248 3201 2521 3268 quidquam

395 3283 490 3334 illa
524 3286 792 3338 verborum
827 3291 1126 3341 mittendi
1181 3299 1234 3340 et
1285 3288 1594 3340 nectendi
1630 3290 2002 3355 permutatione
2036 3287 2355 3353 frequentius
2391 3287 2522 3338 aeci·

399 3370 533 3420 disse
571 3374 1006 3438 comprobavimus
1042 3375 1150 3427 Sin.
1185 3376 1284 3428 ΙΙΙ.
1320 3393 1370 3441 p.
1406 3377 1471 3428 59
1509 3391 1582 3440 sq.
1633 3377 1748 3426 221.
1786 3375 1902 3425 add.
1940 3371 2204 3425 claudian.
2242 3372 2393 3427 Prob.
2430 3373 2523 3424 ⁷9:

397 3455 491 3506 sub
520 3456 649 3521 juga
681 3457 846 3508 ferrea
880 3462 1104 3512 nectit.
1171 3461 1353 3526 Isingr.
1389 3461 1610 3512 mittit.
1681 3459 1979 3524 Eademque
2006 3475 2103 3526 ope
2129 3457 2521 3508 subveniendum

397 3549 474 3591 est
509 3537 919 3609 Corippoulo.
955 3545 996 3598 1.
1031 3549 1159 3598 4871
1220 3547 1297 3598 sin
1331 3547 1582 3613 proelia
1620 3559 1817 3596 meeum
1856 3545 2117 3596 Mittere
2151 3557 2301 3609 posse
2336 3541 2524 3607 putas“

399 3626 608 3682 et-VII.
647 3631 770 3682 225:
809 3629 992 3682 Castra
1025 3646 1227 3682 movere
1261 3633 1452 3698 placet,
1487 3647 1590 3682 non
1613 3632 1775 3682 tristia
1809 3632 2071 3682 mittere
2108 3627 2295 3690 bella“‚
2332 3629 2397 3678 de
2424 3641 2524 3691 quo

399 3714 603 3778 egregie
637 3715 835 3766 fallitur
869 3716 1333 3768 Mazzueehellius¹
1355 3716 1406 3782 ¹)
1443 3734 1493 3783 p.
1515 3719 1640 3770 225:
1676 3719 1966 3780 „mittere
2002 3715 2085 3764 hie
2123 3723 2198 3764 est
2231 3729 2324 3779 pro
2360 3728 2523 3763 com-

539 3868 622 3935 ¹¹)
659 3871 904 3936 Ejusdem
935 3871 1201 3938 Corippi
1239 3873 1393 3922 verba
1428 3871 1552 3926 VH,
1593 3875 1718 3923 117:
1754 3873 1794 3922 si
1832 3869 1909 3923 fas
1946 3864 2180 3919 civilibus
2216 3867 2365 3916 armis
2402 3865 2525 3917 Jus-

397 3955 496 4002 que
533 3941 704 3990 datum
743 3950 818 3992 est
855 3956 1094 4001 oneum,
1132 3941 1402 4006 propera.“‚
1463 3943 1524 3990 de
1563 3938 1743 4006 quibus
1778 3941 1877 3990 hoc
1912 3937 2297 4003 pronuntiatum
2334 3943 2414 3985 est
2438 3936 2525 4000 ju-

397 4008 580 4057 dieioa
603 4009 1028 4059 Mazzucohellio:
1067 4008 1315 4070 „fortasse
1352 4024 1567 4058 ensum
1607 4018 1686 4059 est
1718 4023 1812 4074 per
1845 4021 2107 4072 syncopen
2142 4021 2237 4070 pro
2272 4006 2527 4063 ensium,

397 4076 495 4126 nisi
531 4079 686 4128 mavis
742 4078 908 4142 legere
960 4090 1291 4128 extensum
1326 4093 1421 4142 pro
1475 4089 1568 4128 est
1604 4078 1877 4137 ensum“‚
1934 4075 2101 4138 liquet
2136 4088 2379 4139 expressa
2416 4087 2527 4123 esse

397 4145 462 4192 ad
515 4147 800 4212 exemplum
853 4145 1046 4196 Lucani
1084 4146 1126 4198 Ι.
1183 4147 1212 4195 2
1268 4143 1427 4210 (Cort.
1466 4162 1516 4211 p.
1554 4148 1584 4194 2
1632 4161 1707 4211 sq.
1760 4143 1933 4194 Burm.
1987 4143 2137 4206 Eleg.
2191 4143 2258 4192 ad
2311 4140 2421 4191 Liv.
2458 4142 2527 4192 54

394 4228 442 4278 p.
481 4215 594 4268 800.
633 4217 750 4264 add.
791 4212 964 4264 Savar.
1001 4214 1180 4265 Sidon.
1215 4214 1447 4280 Apollin.
1483 4214 1576 4280 Ep.
1617 4213 1690 4264 11.
1730 4215 1791 4263 13
1838 4229 1886 4276 p.
1927 4212 2040 4261 168.
2109 4210 2283 4263 Burm.
2318 4209 2525 4262 Petron.

397 4284 494 4332 108
532 4299 582 4346 p.
619 4279 773 4346 642),
825 4283 924 4332 hae
959 4290 1126 4333 autem
1163 4285 1364 4332 ratione
1399 4283 1755 4332 emaculanda:
1815 4280 1889 4341 „si
1949 4279 2026 4330 fas
2083 4279 2315 4329 civilibus
2374 4277 2525 4325 armis

393 4351 595 4414 Jusque
631 4352 803 4401 datum
841 4359 944 4408 est,
983 4366 1189 4401 ensem
1225 4353 1557 4416 propera“,
1593 4360 1651 4400 ut
1687 4351 1779 4404 Sil.
1816 4347 1941 4400 XII.
1978 4349 2103 4400 393:
2172 4347 2337 4398 media
2370 4347 2527 4394 inter-

2027 4431 2123 4483 18*
