3234 4967
1244 396 1402 461 Conj
1419 403 1532 449 eet.
1567 396 1748 449 xvn.
2464 388 2563 452 '239

417 580 597 623 taneus
635 578 685 623 ct
703 570 964 631 Vossiani,
1001 570 1052 619 in
1091 568 1272 636 quibus
1311 574 1460 619 extat
1493 566 1790 631 Dephica
1830 565 2056 631 (aanor.
2078 566 2477 631 earm.111.30,
2501 572 2562 623 15

418 658 739 722 Delphica
802 657 965 707 lauro,
1027 660 1139 711 cod,
1204 653 1232 706 ὅ
1291 673 1369 722 ap.
1416 657 1631 706 Kirchn.·
1685 654 1748 705 N.
1786 654 1850 715 Q.
1888 654 2014 705 Hor.
2077 672 2125 720 p.
2162 656 2228 708 56
2287 655 2562 721 Delphia.

421 742 585 793 Theb.
623 742 808 792 Parad.
864 758 914 806 p.
951 743 1091 803 397).
1165 741 1494 807 Delphica
1541 751 1709 790 autem
1748 747 1939 789 taurum
1976 740 2124 790 abest
2158 748 2213 789 ut
2248 742 2563 806 intelligatur

417 830 577 893 tripus
637 826 816 889 (nemo
871 828 1003 875 enim
1039 826 1302 890 Apollinis
1355 827 1605 876 cortinam
1642 825 1773 874 dixit
1806 825 2177 889 delphicam
2236 825 2298 875 cf.
2335 825 2562 876 Turneb.

417 912 551 966 Adv.
587 912 818 975 XXVII.
863 912 924 979 15
980 927 1028 975 Ρ.
1065 912 1180 969 959,
1220 912 1286 961 34
1338 917 1391 959 et
1444 909 1536 963 IX.
1580 912 1643 961 19
1697 926 1744 973 p.
1784 910 1900 967 269,
1937 911 2019 961 54.
2099 907 2253 958 Salm.
2308 908 2562 973 spartian.

415 996 662 1048 Pescenn.
703 998 734 1047 6
770 1013 818 1061 p.
859 996 973 1047 659.
1045 993 1202 1056 Cang.
1239 995 1272 1044 l.
1311 996 1360 1044 d.
1399 992 1566 1043 Cram.
1605 994 1779 1046 Schol.
1818 992 2059 1045 Juvenal.
2096 994 2194 1044 111.
2234 996 2335 1044 204
2370 1010 2418 1059 p.
2448 996 2562 1045 101.

417 1082 586 1145 Sillig.
625 1082 760 1133 Plin.
798 1080 859 1133 N.
899 1080 965 1127 H.
1002 1078 1259 1129 XXXIV.
1298 1080 1346 1139 3,
1385 1081 1413 1129 8
1451 1096 1499 1143 p.
1543 1080 1657 1147 132.
1731 1076 1794 1128 V.
1833 1080 1901 1128 D.
1964 1078 2144 1143 steph.
2195 1078 2349 1128 Thes.
2405 1078 2475 1127 11.
2513 1094 2562 1145 p,

419 1168 534 1217 985.
572 1167 663 1228 Β),
726 1166 864 1215 utin
903 1180 964 1213 ea
1018 1165 1265 1213 sententia
1320 1164 1484 1229 posita.
1537 1164 1629 1223 sit,
1686 1178 1835 1227 quam
1882 1166 2107 1215 nondum
2170 1164 2441 1228 quisquam
2472 1164 2558 1212 in·

416 1251 702 1314 vestigavit.
775 1250 1007 1313 Namque
1045 1257 1103 1298 ut
1141 1248 1435 1313 Apollinem
1484 1248 1547 1296 ab
1585 1246 1769 1298 Ovidio
1809 1249 1934 1300 Met.
1971 1250 2043 1302 IL
2083 1250 2198 1301 543.
2236 1250 2352 1301 677.
2423 1247 2560 1297 Fast.

418 1334 518 1386 111.
558 1336 657 1389 856
697 1335 865 1386 vocari
903 1334 1290 1398 Delphizum
1332 1340 1647 1398 compertum
1688 1342 1766 1383 est
1805 1331 1893 1395 (de
1920 1335 2125 1399 reliquis
2162 1335 2293 1384 enim
2331 1334 2438 1397 ejus
2474 1348 2561 1397 ge·
2616 1320 2621 1326 ⁵

418 1422 572 1481 neris,
611 1422 673 1469 de
713 1436 814 1484 quo
851 1428 926 1469 est
961 1414 1230 1469 Ithacus
1267 1419 1442 1471 Barth.
1483 1415 1612 1468 Stat.
1636 1418 1830 1468 Achill.
1870 1416 1940 1467 11.
1962 1420 2029 1469 24
2054 1435 2101 1483 p.
2126 1420 2272 1477 1710,
2310 1418 2561 1483 exemplis

418 1505 746 1555 disseruimus
781 1504 834 1553 in
869 1512 1042 1553 nostra
1077 1505 1141 1554 de
1181 1503 1671 1553 Nestorea‘senecta
1706 1502 2007 1566 quaestione
2063 1520 2115 1568 p.
2153 1501 2235 1567 3),
2296 1502 2369 1553 ita
2406 1503 2562 1551 Del-

419 1590 676 1658 phicam
715 1588 927 1638 aStatio
947 1588 1194 1637 nominari
1221 1587 1539 1653 Pythiam,
1575 1586 1835 1637 Latoam
1870 1596 2072 1637 vatem
2112 1585 2252 1650 (Seu.
2273 1584 2397 1637 Ocd.
2418 1586 2561 1647 230),

375 1704 388 1719 .
421 1673 830 1741 Pho-ebadem
869 1667 1027 1735 (σοι-τ..
1066 1672 1256 1727 Lucan.
1295 1672 1362 1723 V.
1403 1674 1499 1723 128
1537 1687 1586 1737 p.
1626 1671 1752 1729 384)
1799 1686 1902 1723 non
1938 1660 2127 1723 temere
2167 1672 2383 1723 affirmo,
2452 1671 2561 1721 Do·

421 1766 659 1818 cumento
699 1766 776 1807 est
810 1757 1064 1807 Martialis
1101 1757 1194 1810 IX.
1231 1759 1316 1817 42,
1353 1759 1414 1807 43
1485 1756 1713 1821 „Apollo
1751 1782 1812 1791 --
1852 1744 2051 1807 Doctae
2088 1758 2161 1807 sic
2209 1757 2299 1807 tibi
2334 1740 2563 1810 'serviant

419 1858 620 1895 sorores
659 1842 763 1893 Nec
803 1842 1082 1907 Delphis
1135 1854 1224 1891 tua
1258 1828 1529 1891 mentiatur
1565 1842 1693 1890 ulli“
1749 1840 1813 1891 cf.
1850 1840 1974 1894 Eur.
2011 1843 2140 1896 Jon.
2179 1843 2306 1893 318:
2374 1838 2458 1891 καί
2490 1858 2563 1899 τις

418 1925 629 1997 γάλακτί
678 1926 718 1978 c'
760 1922 994 1994 ἐξέθρεψε
1033 1920 1320 1995 Δελφίδων;
1372 1926 1629 1993 Martialis
1688 1933 1859 1975 autem
1918 1927 2081 1979 allato
2126 1929 2409 1980 testimonio
2446 1940 2560 1981 veto

419 2015 574 2065 recoli
633 2022 788 2078 atque
847 2012 947 2061 huc
987 2013 1246 2061 transferri
1282 2012 1410 2060 illud
1449 2011 1571 2062 Seu.
1612 2010 1738 2061 Oed.
1780 2013 1866 2063 16:
1936 2012 2039 2063 hoc
2077 2028 2155 2063 me
2192 2011 2561 2079 Delphicae

419 2100 644 2148 laurus
682 2097 940 2147 monent.“
1013 2091 1158 2170 Quae
1195 2098 1235 2145 si
1275 2110 1394 2145 vere
1432 2097 1687 2161 disputata
1723 2105 1865 2157 sunt,
1914 2098 2133 2162 dubitari
2164 2099 2269 2161 jam
2309 2101 2452 2160 licet,
2496 2117 2562 2150 an

421 2182 692 2234 Ovidius
728 2183 848 2235 Her.
886 2184 955 2231 11.
997 2184 1144 2239 1183,
1189 2181 1433 2231 Pronuba
1468 2176 1753 2247 Tisiphone
1810 2183 2049 2233 thalamis
2101 2184 2317 2235 ululavit
2370 2186 2425 2237 in
2458 2186 2562 2237 illis

419 2267 487 2318 Et
523 2269 708 2317 cecinit
743 2280 990 2317 maestum
1028 2267 1213 2316 devia
1249 2282 1448 2317 carmen
1489 2268 1645 2329 avis,“
1684 2268 1766 2317 eui
1803 2268 1941 2316 reddi
1969 2268 2126 2331 jussit
2147 2270 2395 2321 Imhofius
2417 2288 2466 2335 p.
2498 2274 2562 2321 10

419 2353 543 2403 hoc:
581 2354 784 2403 clivia
819 2367 1021 2403 carmen
1056 2351 1212 2411 avis‚“
1273 2367 1480 2401 corvum
1541 2353 1713 2416 potius
1764 2354 1885 2402 sive
1924 2352 2309 2418 Delphicum
2344 2356 2559 2407 alitem

422 2438 618 2500 (Heius.
659 2438 864 2488 Petron.
907 2440 1002 2486 122
1039 2453 1090 2502 p.
1131 2438 1248 2487 754.
1320 2435 1498 2487 Barth.
1537 2436 1701 2491 Theb.
1739 2436 1839 2488 111.
1876 2440 1977 2489 506
2012 2455 2061 2503 p.
2098 2442 2196 2489 811
2246 2447 2295 2489 et
2330 2440 2453 2491 silv.
2489 2442 2560 2493 11.

418 2525 466 2584 4,
507 2526 601 2575 17:
671 2523 886 2588 plangat
935 2522 1306 2571 Phoebeius
1365 2522 1544 2573 ὤθεε*
1597 2522 1867 2575 Αηίωαᾱν.
1914 2542 1963 2589 p.
2014 2525 2129 2576 226.
2201 2521 2448 2575 nochum.
2485 2522 2558 2581 ΙΙ.

419 2607 622 2660 Hieroz.
660 2607 729 2665 11.
770 2609 832 2657 13
869 2624 919 2673 p.
957 2610 1056 2657 212
1093 2607 1191 2672 sq.)
1230 2610 1697 2657 commemoraverit
1730 2609 1782 2658 in
1819 2611 1953 2659 hunc
1989 2612 2223 2661 modum:
2276 2610 2350 2659 Et
2384 2610 2563 2661 cecinit

420 2700 660 2743 maestum
699 2693 1016 2758 Delphica
1053 2707 1253 2743 carmen
1291 2690 1435 2741 avis“
1473 2692 1536 2743 cf.
1567 2692 1849 2757 Tiraquell.
1884 2693 1936 2743 in
1968 2696 2124 2745 Alex.
2162 2696 2227 2743 ab
2252 2696 2411 2747 Alex.
2434 2693 2559 2747 Gen.

420 2768 560 2829 Dier.
597 2776 666 2827 V.
707 2779 768 2828 13
807 2794 855 2843 p.
897 2780 992 2829 137
1031 2794 1105 2841 sq.
1178 2776 1372 2827 Verum
1410 2774 1557 2827 Statii
1594 2792 1751 2827 causa
1786 2780 2015 2829 nondum
2050 2788 2261 2843 peracta
2297 2790 2387 2830 est.
2459 2779 2559 2831 Ne-

421 2878 520 2929 que
557 2864 692 2912 enim
722 2863 828 2927 jam
867 2863 994 2911 latet
1030 2876 1206 2911 vocem
1242 2876 1470 2926 parvus
1507 2878 1568 2913 eo
1596 2862 1787 2913 erroris
1812 2852 2000 2927 genere
2026 2866 2333 2928 provenisse,
2368 2868 2431 2916 de
2459 2882 2561 2932 quo

424 2957 476 2998 et
511 2964 668 3013 supra
701 2949 753 2997 in
774 2948 1142 3012 disceptatione
1160 2945 1306 3001 ovid,
1325 2946 1437 2998 Art.
1459 2948 1576 2998 Am.
1602 2948 1644 2998 1.
1673 2948 1768 2998 731
1791 2965 1839 3013 p.
1865 2948 1964 2999 235
1985 2951 2493 3001 commemoravimus
2512 2962 2561 3002 et

419 3049 485 3085 cx
521 3034 640 3085 loco
677 3034 817 3083 Fast.
853 3032 924 3084 11.
963 3033 1062 3084 536
1102 3032 1447 3083 existimatur:
1484 3032 1582 3093 „Et
1616 3048 1824 3098 sparsae
1860 3032 2047 3097 fruges
2100 3050 2397 3099 parvaque
2435 3036 2563 3086 mica

419 3114 590 3169 salis.“
661 3118 862 3169 Arund.
902 3119 1082 3169 Bavar.
1120 3117 1332 3167 Putean.
1371 3133 1693 3182 sparsaque
1730 3118 1796 3168 cs.
1817 3118 1886 3168 V.
1923 3120 2023 3169 640
2059 3134 2337 3183 sparsos.
2376 3120 2560 3171 Patav.

420 3220 520 3253 sec.
558 3218 813 3267 paucos.
885 3203 1113 3252 Martial.
1151 3202 1245 3255 111.
1296 3202 1376 3262 65,
1414 3206 1442 3253 8
1505 3204 1650 3253 codd.
1690 3218 1905 3266 passa:
1968 3212 2156 3267 parta
2216 3202 2299 3268 (cs.
2336 3221 2566 3271 parca:

419 3303 616 3353 parva
653 3285 789 3340 Cort.
830 3288 1022 3339 Lucan.
1047 3289 1112 3337 V.
1152 3290 1250 3339 505
1288 3305 1336 3353 p.
1364 3288 1480 3339 644.
1551 3286 1728 3338 Heius.
1757 3288 1873 3340 Val.
1912 3286 2085 3341 Flacc.
2124 3288 2221 3339 111.
2250 3291 2347 3339 599
2372 3306 2421 3355 p.
2443 3292 2559 3342 306.

421 3370 608 3425 Adnot.
649 3366 837 3436 Eclog.
876 3388 921 3426 v,
961 3374 1068 3435 77),
1105 3388 1354 3437 sparsa.
1427 3372 1623 3423 Lucan.
1662 3370 1756 3423 IX.
1794 3374 1895 3423 447
1908 3385 1921 3424 3
1958 3388 2150 3437 passa
2185 3372 2382 3435 (Burm.
2410 3372 2558 3429 ovid.

423 3458 534 3512 Art,
573 3457 689 3510 Am.
729 3458 825 3510 111.
866 3460 964 3509 709
1001 3474 1048 3523 p.
1077 3460 1174 3509 705
1213 3464 1266 3507 et
1301 3451 1566 3512 claudian.
1606 3456 1755 3507 Eutr.
1794 3457 1863 3507 11.
1891 3460 1987 3507 421
2028 3474 2076 3523 p.
2104 3456 2245 3519 343).
2284 3460 2394 3510 cod.
2423 3458 2560 3515 Cort,

421 3544 576 3595 Salui.
637 3558 842 3609 parsa.
911 3542 1028 3595 add.
1093 3538 1217 3592 Silv.
1284 3542 1386 3593 ΙΙΙ.
1448 3546 1506 3605 4,
1578 3544 1644 3593 66
1716 3544 1956 3607 prima:
2031 3558 2261 3607 parva,
2334 3559 2562 3607 sparsa

421 3627 679 3693 (Conject.
717 3625 892 3691 XIX).
964 3627 1100 3688 Quid
1139 3629 1269 3678 enim
1308 3629 1468 3693 magis
1506 3638 1907 3678 consentaneum
1943 3627 2053 3692 fuit,
2116 3642 2266 3693 quam
2303 3629 2401 3678 hoc
2437 3629 2560 3679 dici:

419 3714 540 3766 illae
580 3716 783 3779 quidem
822 3730 1001 3765 manus
1037 3714 1260 3774 Isthm0‚
1297 3714 1392 3763 nisi
1430 3714 1718 3779 Delphicae
1756 3724 1917 3765 sortes
1955 3720 2209 3773 vetarent,
2265 3714 2474 3777 disjecto
2512 3722 2562 3764 et

421 3816 596 3866 sparso
653 3801 755 3849 duo
816 3801 975 3850 maria
1029 3794 1386 3849 miscuissent?
1479 3797 1717 3864 Spargi
1772 3798 1900 3849 enim
1956 3798 2137 3849 dicitur
2194 3798 2445 3860 Isthmus,
2505 3786 2563 3849 ut
2604 3829 2609 3835 -

420 3885 622 3935 turris
659 3902 690 3935 a
727 3882 950 3949 Corippo
986 3884 1071 3935 Jo.
1112 3885 1180 3937 11.
1220 3886 1344 3936 400:
1384 3884 1542 3934 ariete
1579 3912 1643 3921 --
1682 3884 1907 3935 adducto
1945 3898 2255 3951 spargere
2291 3870 2561 3946 turres“,

419 3971 576 4021 s'axa
611 3986 642 4020 a
678 3970 895 4021 Lucano
929 3971 975 4021 Ι.
1014 3972 1140 4021 3843
1218 3970 1366 4031 „His
1405 3970 1538 4019 aries
1576 3978 1721 4020 actus
1760 3970 2097 4035 disperget
2139 3984 2299 4037 saxa
2344 3968 2560 4020 lacer-

419 4054 539 4107 tis“
579 4054 809 4119 (VltruV.
846 4056 887 4107 1.
928 4058 984 4106 5:
1057 4062 1224 4105 turres
1282 4057 1556 4120 quadratas
1610 4056 1875 4106 machinae
1928 4051 2149 4105 celerius
2206 4050 2560 4119 dissipant.

421 4142 512 4193 Sil.
550 4140 673 4195 XII.
717 4144 841 4192 184:
879 4141 1194 4205 (ἐξῇρε-ᾖς
1227 4140 1448 4205 undique
1484 4139 1730 4207 portis“),
1790 4148 2059 4207 penates
2106 4140 2284 4191 Heius.
2332 4140 2473 4191 Nott.
2510 4141 2562 4197 in

421 4226 573 4291 Prop.
612 4242 662 4291 p.
700 4230 800 4278 707
861 4226 922 4279 cf.
960 4226 1183 4277 Martial.
1221 4226 1318 4277 IX.
1355 4230 1436 4288 40,
1475 4228 1529 4280 6:
1608 4226 1971 4292 „Dispersa
2008 4234 2145 4277 rate
2182 4226 2406 4277 tristibus
2443 4222 2561 4291 pro-

423 4310 623 4362 cellis.“
699 4308 823 4363 Seu.
880 4299 1034 4365 Herc.
1093 4313 1209 4367 Oet.
1275 4312 1398 4363 209:
1475 4310 1709 4375 ¹,letifero
1764 4310 1930 4377 stipite
1983 4312 2163 4377 pulsus
2216 4312 2353 4377 Tota
2398 4308 2564 4375 jacuit
