3234 4967
651 377 752 423 214
1364 384 1368 389 ’
1501 372 1787 437 Conject.
1825 374 1973 427 XIV.

657 544 843 593 Nullae
866 544 950 593 hic
986 546 1049 593 in
1067 545 1276 594 sidiae
1303 570 1366 579 --
1394 543 1501 594 Nec
1530 546 1650 593 vim
1688 546 1822 593 tela
1858 541 2065 593 ferunt“
2094 560 2121 593 a
2148 540 2312 594 Statio
2338 546 2489 595 fuisse
2512 552 2791 595 statuamus

657 631 852 693 scripta
902 629 1052 679 haec:
1107 630 1360 693 vimque
1414 636 1602 691 atquc
1658 629 1997 678 trementia
2048 629 2201 689 tela“,
2256 639 2313 678 ut
2362 628 2482 681 Met.
2530 630 2651 679 XII.
2698 632 2791 679 98:

651 728 1004 776 rursusque
1067 716 1405 763 trementia
1477 714 1594 763 sorti
1666 714 1826 761 Tela
1894 728 2046 763 manu
2116 713 2295 763 torsit“
2366 713 2429 763 cf.
2481 716 2665 763 Burm.
2727 716 2790 763 79

651 816 700 862 p.
763 800 877 849 815.
921 798 1005 860 ⁴⁸)

1564 1046 1834 1131 X1V.

791 1226 1054 1275 Vecillare
1091 1226 1282 1288 aliquid
1321 1226 1373 1273 in
1409 1226 1524 1274 loco
1564 1226 1726 1273 Theb.
1765 1225 1859 1277 vl.
1895 1226 2020 1275 496:
2110 1239 2117 1245 ·

965 1310 1338 1373 Anguicomam
1377 1312 1584 1359 monstri
1626 1310 1857 1373 effigiem,
1894 1311 2188 1359 saevissima
2224 1311 2333 1359 visu

959 1394 1064 1445 Ora
1099 1401 1282 1455 movet,
1320 1394 1424 1443 sive
1461 1395 1552 1443 ille
1590 1390 1765 1443 Erebo
1798 1408 1890 1443 seu
1926 1396 2075 1443 finxit
2108 1396 2160 1443 in
2197 1404 2309 1443 astu
2404 1404 2407 1411 '

960 1480 1246 1543 Temporis,
1282 1480 1554 1529 innumera
1589 1488 1727 1530 certe
1764 1476 2035 1529 formidine
2070 1480 2263 1529 cultum

961 1564 1128 1621 Tollit
1163 1565 1214 1613 in
1251 1572 1390 1613 astra
1425 1565 1568 1613 nefas

655 1664 810 1699 nemo
866 1651 1037 1698 adhuc
1083 1649 1357 1713 perspexit.
1445 1649 1558 1699 Nec
1611 1666 1733 1699 vero
1787 1652 1887 1699 hoc
1942 1650 2216 1698 obscurum
2270 1656 2346 1697 est
2398 1646 2499 1698 no'n
2556 1658 2791 1714 constare

657 1735 843 1783 nomini
881 1734 1051 1781 Erebo
1090 1734 1334 1781 rationem
1374 1734 1468 1782 nisi
1507 1735 1737 1783 oratione
1784 1736 1835 1783 in
1872 1750 1985 1784 eum
2022 1735 2247 1783 habitum
2296 1734 2593 1795 reformata,
2643 1750 2791 1797 quem

653 1818 904 1865 invenisse
955 1817 1184 1865 videatur
1215 1816 1380 1865 Vetus
1406 1815 1690 1868 Scholiasta
1733 1835 1778 1882 p.
1808 1821 1929 1869 532:
1970 1818 2120 1879 „Sive
2158 1834 2269 1867 ora
2304 1817 2537 1867 Furiae
2576 1820 2793 1881 alicujus

655 1903 731 1951 ab
767 1901 926 1950 Orco
978 1902 1402 1951 transsumsit
1452 1902 1558 1951 sive
1612 1903 1857 1952 finxit.“
1932 1904 2100 1964 Quare
2154 1910 2240 1951 aut
2292 1904 2455 1967 ipsum
2504 1904 2793 1953 sumendi

656 1988 862 2035 verbum
887 1986 1223 2049 reparandum
1251 1994 1328 2035 est
1351 1988 1450 2037 hoc
1477 1989 1655 2038 modo:
1693 1995 1897 2041 sumta
1929 1989 2031 2037 illa
2054 1988 2222 2038 Erebo
2250 2014 2311 2024 —·
2340 2002 2456 2037 nam
2478 1978 2793 2051 conjectare:

601 2090 622 2109 ο
656 2072 761 2119 sive
797 2072 962 2135 ipse,
999 2069 1216 2121 Erebus
1251 2086 1341 2120 seu
1367 2070 1544 2121 finxit“
1586 2071 1679 2134 (cf.
1706 2074 1827 2123 Val.
1853 2073 2025 2123 Flacc.
2048 2072 2146 2123 III.
2175 2074 2289 2125 345.
2313 2072 2439 2135 708)
2474 2070 2794 2122 vetatScho-

655 2156 804 2205 liasta
843 2182 906 2191 —-·
946 2164 1038 2205 aut
1073 2171 1222 2205 voces
1259 2152 1478 2206 siuil'le
1515 2166 1635 2207 sunt
1671 2159 1789 2219 ina,
1828 2173 1978 2221 quam
2016 2158 2117 2208 alio
2154 2159 2269 2207 loco
2306 2156 2668 2222 patefecimus,
2712 2170 2797 2205 ra-

662 2240 796 2289 tione
833 2242 898 2289 ad
927 2230 1068 2289 ‘hanc
1103 2242 1322 2305 speciem
1359 2243 1704 2292 revocandae:
1743 2242 1854 2292 siit
1888 2242 1978 2291 ille
2015 2244 2067 2291 id
2105 2251 2181 2291 est
2216 2242 2333 2290 ciit
2366 2242 2484 2306 ille,
2520 2246 2577 2289 ut
2610 2242 2692 2289 hic
2729 2242 2795 2291 sit

658 2326 808 2374 ordo:
869 2324 988 2373 Sive
1023 2324 1196 2375 Erebo
1233 2327 1378 2387 ciit,
1431 2327 1562 2376 sive
1600 2327 1753 2375 finxit
1791 2354 1871 2386 ——-,
1925 2328 2233 2377 innumera
2286 2333 2457 2375 ccrte
2524 2325 2796 2375 formidine

659 2411 886 2459 cultum“
941 2408 1032 2473 (cf.
1069 2409 1227 2460 Gron.
1267 2410 1382 2460 Seu.
1419 2412 1573 2464 Herc.
1613 2412 1725 2464 Oet,
1784 2413 1916 2461 1260
1968 2428 2015 2476 p.
2058 2412 2174 2461 677.
2244 2412 2399 2461 Oreli.
2446 2410 2569 2461 Hor,
2621 2410 2792 2464 Carm.

660 2496 698 2547 Ι,
739 2497 796 2553 3,
850 2496 912 2544 16
967 2511 1016 2559 p.
1065 2494 1186 2559 27);
1245 2496 1409 2560 ipsum
1457 2504 1627 2547 autem
1673 2497 1803 2545 illud
1848 2498 1967 2545 ciit
2014 2503 2071 2545 ut
2114 2497 2336 2545 insolens
2382 2496 2453 2544 ita
2500 2503 2793 2560 usurpatum

662 2579 900 2629 Charisio
934 2580 1033 2631 ΙΙΙ.
1072 2596 1123 2643 p.
1159 2582 1274 2641 244,
1315 2584 1403 2630 11:
1453 2582 1564 2631 cieo
1601 2582 1703 2630 cies
1740 2582 1820 2629 cii
1859 2590 1910 2643 et
1946 2581 2077 2631 civi“
2116 2588 2165 2629 et
2198 2580 2466 2629 Prisciano
2514 2580 2607 2633 IX.
2648 2584 2692 2640 8,
2728 2582 2791 2630 41

661 2682 710 2727 p.
749 2666 864 2725 477,
906 2666 995 2713 12:
1043 2666 1154 2713 cieo
1192 2667 1288 2714 civi
1325 2675 1378 2715 et
1413 2682 1503 2731 per
1539 2680 1815 2731 syncopam
1852 2668 1984 2715 cii.“
2054 2666 2122 2715 X.
2160 2668 2207 2725 9,
2253 2666 2321 2715 49
2368 2681 2417 2729 p.
2456 2666 2573 2726 539,
2612 2666 2692 2715 50.
2732 2667 2800 2715 54

657 2766 705 2814 p.
744 2750 858 2809 543,
899 2750 986 2799 14:
1027 2751 1154 2811 cieo,
1195 2752 1291 2799 civi
1329 2753 1413 2800 vel
1449 2752 1594 2811 cii,“
1630 2766 1736 2800 non
1772 2752 1953 2814 magis,
1991 2767 2139 2815 quam
2175 2750 2302 2798 illud
2341 2745 2544 2814 pandi
2581 2750 2797 2813 (Adnot.

665 2834 850 2897 Eclog.
901 2850 945 2884 v,
985 2834 1077 2899 38)
1132 2837 1419 2886 dubitemus
1473 2838 1687 2886 reddere
1740 2836 1903 2886 Statio
1962 2834 2068 2900 (qui
2124 2836 2327 2899 quidem
2380 2833 2425 2884 Ι.
2480 2838 2579 2885 228
2632 2836 2804 2900 posuit

657 2921 986 2981 „excitam
1025 2936 1056 2968 a
1091 2921 1294 2971 sedibus
1330 2916 1444 2970 imis
1463 2922 1804 2971 Eumenidum
1834 2948 1893 2956 —-
1924 2916 2115 2969 aciem“
2156 2921 2216 2972 cf.
2245 2920 2364 2970 Sen.
2385 2920 2537 2969 Here.
2563 2918 2679 2969 Fur.
2710 2920 2801 2969 86:

661 3008 724 3054 ab
760 3008 862 3055 imo
900 3005 1104 3055 Tartari
1141 3004 1298 3055 fundo
1337 3008 1594 3055 excitae
1632 3006 2006 3066 Eumenides“;
2062 3020 2177 3054 nam
2216 3004 2348 3054 Ciris
2400 3020 2599 3055 versum
2638 3006 2735 3054 202
2772 3020 2803 3053 a

660 3093 857 3141 Bembo
882 3092 954 3141 sic
979 3092 1256 3155 proditum:
1294 3092 1466 3141 oriens
1493 3092 1703 3139 Erebo
1742 3092 1831 3139 cit
1866 3106 2024 3154 equos
2046 3090 2197 3139 Nox“
2232 3090 2411 3139 merito
2436 3088 2802 3154 praeterimus).

662 3176 894 3226 Tertium
931 3176 1030 3225 hoc
1069 3182 1240 3235 restat,
1277 3178 1416 3239 quod
1455 3191 1554 3239 ego
1591 3192 1767 3225 verum
1805 3176 2032 3235 arbitror,
2069 3184 2127 3223 ut
2161 3176 2289 3224 haec
2316 3175 2632 3225 describendi
2670 3174 2801 3223 ratio

661 3269 902 3321 sumatur,
951 3260 1094 3323 cujus
1129 3268 1382 3309 auctorem
1419 3262 1649 3325 profiteri
1685 3262 1807 3310 licet
1841 3261 2005 3325 ipsum
2042 3268 2260 3309 veterem
2298 3260 2667 3311 Scholiastam:

936 3346 1308 3409 Anguicomam
1345 3346 1559 3396 monstri
1603 3344 1826 3408 effigiem
1864 3344 2287 3407 (saevissima
2322 3346 2461 3395 visu

937 3430 1064 3481 Ora
1100 3440 1311 3481 movet
1344 3433 1475 3481 sive
1511 3432 1634 3480 ille
1670 3430 1881 3480 Erebo
1914 3446 2003 3481 scu
2039 3431 2193 3480 finxit
2228 3456 2291 3466 ·-
2330 3456 2392 3467 ·-

933 3544 993 3551 —
1033 3513 1144 3580 -),
1181 3518 1446 3565 innumera
1485 3522 1621 3565 certe
1658 3516 1926 3566 formidine
1964 3516 2156 3565 cultum

935 3603 1184 3651 Tollit'in
1221 3610 1358 3651 astra
1391 3601 1553 3651 nefas.

797 3688 898 3736 Ubi
949 3690 1160 3736 movet
1213 3693 1266 3735 et
1310 3686 1509 3735 finxit
1565 3701 1668 3735 non
1732 3686 1897 3735 minus
1954 3694 2128 3735 carent
2173 3686 2597 3750 reprehensione,
2652 3686 2803 3749 quam'

663 3772 788 3822 v11.
817 3774 944 3825 656:
984 3772 1054 3821 Et
1089 3774 1277 3821 rubet
1311 3798 1374 3807 -
1414 3774 1598 3821 thorax
1628 3780 1688 3806 —‘-
1716 3779 1767 3820 et
1791 3771 1949 3820 fibula
1974 3771 2305 3820 mordebat
2339 3771 2805 3835 iaspide·pallam.“

665 3858 760 3905 VI.
801 3858 944 3917 8942,
984 3858 1217 3918 sudasse,
1273 3871 1428 3920 quum
1475 3856 1657 3905 fraude
1692 3864 1893 3921 reperta
1928 3858 2177 3921 Raptus
2214 3856 2265 3905 in
2302 3856 2557 3905 excelsum
2596 3882 2658 3891 -—
2698 3854 2806 3905 Nec

661 3942 818 3990 licet
853 3968 919 3977 -
945 3950 1152 3992 matrem
1173 3943 1523 4005 contingere.“
1563 3942 1757 3993 Achill.
1786 3943 1857 3993 11.
1878 3943 1959 3991 41.
1987 3942 2104 3991 447.
2130 3941 2196 3991 al.
2218 3937 2357 3989 Cort.
2384 3940 2579 3989 Lucan.
2607 3938 2677 3987 11.
2705 3940 2805 3989 328

806 4078 876 4159 ⁴⁵)
915 4096 1098 4145 Eidem
1158 4095 1390 4146 Ovidio
1447 4096 1600 4147 Trist.
1655 4095 1752 4145 111.
1813 4097 1902 4155 12,
1958 4098 2017 4144 2:
2088 4094 2324 4157 Longior
2386 4094 2613 4159 antiquis
2666 4094 2807 4142 visa

666 4164 952 4213 Maeotis
999 4166 1195 4214 hiems“
1245 4165 1482 4227 (Lachm.
1517 4166 1725 4214 Lucret.
1770 4164 1816 4214 Ι.
1852 4164 1953 4214 360
1997 4180 2048 4227 p.
2096 4164 2159 4212 38
2204 4164 2493 4225 intepuit
2535 4164 2645 4212 visa
2680 4162 2805 4211 Το-

667 4233 842 4281 mitis
877 4228 1060 4294 hiems)
1094 4234 1196 4282 hoc
1233 4228 1598 4282 restituendum
1638 4244 1777 4284 esse:
1829 4230 2063 4295 Longior
2100 4232 2324 4295 antiquis
2365 4231 2475 4280 vix
2510 4230 2807 4280 Tanaitis

667 4300 862 4349 hiems“
927 4301 1190 4349 docuimus
1250 4300 1406 4350 Anal.
1445 4300 1600 4365 Prop.
1636 4300 1733 4350 XI.
1791 4316 1840 4365 p.
1881 4302 1943 4351 75
1980 4314 2085 4363 sq.;
2138 4299 2191 4349 in
2248 4298 2393 4350 Nuce
2451 4308 2622 4349 autem
2685 4300 2823 4347 11020

667 4368 894 4417 Aonium
932 4394 996 4403 —
1035 4368 1268 4417 Harma
1304 4368 1468 4423 Theb.
1507 4369 1691 4419 Parad.
1727 4368 1800 4418 ΙΙ.
1837 4370 1868 4419 5
1903 4385 1953 4434 p.
1978 4370 2089 4421 165.
