3234 4967
639 319 724 385 88
1548 319 1780 373 Adnot.
1822 319 1904 371 54.

640 526 841 595 Ovid.
927 526 1127 593 Trist.
1218 522 1326 591 IV.
1427 525 1458 589 1
1489 574 1506 607 ,
1579 526 1661 589 21
1758 522 2087 614 (Conject.
2182 522 2375 615 Xlll.)
2480 525 2791 595 Thracia:

642 633 1114 700 trementia.
1233 632 1336 697 De
1383 654 1504 696 usu
1551 638 1769 696 autem
1834 632 1975 720 ejus
2021 630 2205 697 vocis
2252 630 2475 721 (quam
2524 634 2791 723 quidam

639 738 1156 829 posthabendam
1207 738 1647 824 opinabuntur
1679 737 1827 804 voci
1860 736 2226 827 gratius)
2260 739 2677 805 existimatur
2708 763 2793 807 ex

643 848 845 913 Festo
891 869 956 933 p.
1008 844 1168 911 275:
1227 853 1536 911 tersum
1586 844 1769 909 diem
1830 866 2134 910 serenum
2179 844 2425 911 dictum
2486 846 2571 913 ab
2630 848 2791 913 anti·

639 955 829 1043 quis“
877 952 960 1017 cf.
1008 950 1237 1018 Barth.
1297 950 1474 1017 Adv.
1536 950 1861 1017 XXXIX.
1937 952 2014 1017 11
2063 974 2131 1040 p.
2182 951 2375 1017 1177.
2490 951 2650 1020 Silv.
2718 953 2788 1019 ll.

643 1060 892 1128 Praesit
938 1059 1042 1125 vir
1074 1060 1316 1147 optime
1365 1067 1432 1124 et
1461 1059 1529 1123 in
1579 1059 1754 1123 omni
1784 1059 1961 1125 vitae
1994 1057 2212 1125 colore
2259 1060 2787 1127 tersissime“.

646 1164 932 1234 Martial.
980 1164 1084 1231 Vl.
1138 1167 1196 1248 1,
1245 1166 1317 1233 3:
1363 1163 1623 1231 libellus
1671 1165 1883 1248 Quem
1932 1166 1986 1231 si
2042 1165 2387 1233 terseris
2445 1189 2602 1234 aure
2652 1166 2793 1245 dili·

641 1274 855 1361 genti,
933 1272 1228 1338 Audebit
1304 1272 1518 1337 minus
1589 1272 1825 1337 anxius
1892 1308 1981 1321 —-
2042 1271 2351 1339 Caesaris
2419 1274 2487 1339 in
2556 1296 2788 1342 manus

640 1380 935 1446 venire.“
1048 1378 1212 1443 Plin.
1275 1378 1402 1465 Ep.
1466 1377 1596 1443 Vll.
1653 1377 1761 1462 25,
1806 1377 1879 1443 4³
1951 1377 2167 1460 Quam
2235 1386 2457 1445 tersa
2526 1379 2791 1447 omnia?

643 1508 838 1575 quam
881 1484 1136 1551 latina?
1185 1508 1380 1573 quam
1437 1483 1725 1570 graeca?
1767 1484 1884 1549 lV.
1932 1484 2055 1567 22,
2104 1484 2178 1549 2:
2236 1484 2307 1551 Si
2367 1485 2588 1574 elegos
2648 1489 2787 1578 ejus

637 1594 706 1659 in
750 1614 979 1658 manus
1025 1592 1399 1679 sumpseris,
1449 1589 1631 1677 leges
1680 1611 1874 1679 opus
1921 1597 2255 1674 tersum,
2304 1590 2519 1676 molle,
2558 1596 2787 1683 jucun-

639 1699 862 1766 dum.“
895 1697 1164 1781 Quintil.
1194 1698 1282 1763 X.
1313 1698 1344 1763 1
1375 1721 1439 1784 p.
1465 1697 1625 1761 908:
1660 1695 1980 1783 elegiae
2006 1705 2271 1763 tersus
2298 1706 2492 1787 atque
2520 1698 2785 1788 elegans

637 1805 920 1873 maxime
966 1804 1231 1869 videtur
1275 1812 1502 1869 auctor
1535 1802 1898 1887 Tibullus“‚
1946 1804 2121 1870 unde
2166 1805 2369 1892 apud‘
2392 1804 2781 1892 Politianum

639 1896 894 1977 Nutric.
933 1934 1003 1997 p.
1056 1910 1181 1975 271
1233 1918 1365 1975 est:
1414 1910 1625 1975 tersi
1670 1948 1757 1959 --
1803 1910 1916 1997 pia
1968 1932 2157 1977 musa
2200 1909 2489 1977 Tibulli‘⁴
2534 1921 2603 1977 et
2645 1912 2781 1977 Pie·
2891 1935 2894 1939 ·

638 2018 806 2083 rium
849 2016 1274 2083 Valerianum
1322 2016 1402 2082 de
1449 2016 1638 2085 Stud.
1704 2015 1967 2083 condit.
2025 2040 2091 2105 Ρ.
2156 2018 2357 2086 12342
2415 2027 2625 2085 ter-se
2680 2020 2785 2084 Ti-

638 2122 881 2191 bulle“.
931 2121 1240 2191 Ceterum
1287 2122 1450 2189 haec
1511 2125 1719 2190 oratio
1776 2146 1911 2190 non
1965 2124 2177 2211 magis
2232 2126 2619 2214 imperfecta
2665 2137 2783 2210 est,

642 2253 836 2319 quam
881 2229 993 2296 illa
1039 2229 1199 2297 Silv.
1245 2228 1355 2295 lV.
1424 2230 1497 2313 4,
1552 2229 1681 2295 102
1752 2228 2080 2320 (Conjec't.
2128 2230 2353 2321 Xlll.):
2426 2254 2550 2299 nec
2620 2236 2788 2301 enim

639 2335 1214 2403 intemeratius
1282 2335 1491 2403 almae
1561 2339 1854 2404 Pectus
1924 2338 2292 2405 amicitiae“
2364 2348 2432 2405 et
2488 2338 2602 2407 Sil.
2652 2338 2785 2405 Xll.

633 2443 802 2523 ι2283
854 2443 1127 2533 Cinyps,
1177 2465 1306 2532 quo
1354 2444 1606 2529 gratior
1652 2466 1769 2509 ora
1812 2443 1962 2509 Non
2008 2444 2197 2511 fuit.“

1514 2676 1599 2757 V.
1641 2678 1761 2759 55.
1824 2705 1929 2783 sq.

814 2858 988 2941 „Sic
1040 2857 1246 2948 (viso)
1292 2857 1362 2923 id
1409 2867 1509 2923 est
1554 2859 1649 2924 ita
1694 2859 1917 2947 inepto
1979 2858 2287 2925 carmine.
2381 2858 2509 2925 Sic
2549 2857 2790 2924 busta

631 2964 690 3031 L
717 2964 862 3032 ini:
933 2966 1028 3035 sic
1073 2963 1313 3053 Apollo
1359 2964 1430 3029 in
1497 2965 1725 3032 funere
1792 2964 1949 3031 Lini
2014 2966 2251 3031 cecinit
2320 2964 2787 3054 qualecumque

637 3064 855 3160 potuit
901 3076 1232 3139 carmen.“
1277 3071 1386 3137 Sic
1417 3071 1580 3139 haec
1609 3073 2047 3159 interpretato
2078 3071 2368 3142 Domitio
2402 3070 2791 3138 adversatur

643 3178 1022 3245 Gronovius
1089 3178 1302 3244 Diatr.
1365 3202 1430 3267 p.
1477 3178 1609 3245 590
1656 3200 1823 3266 seq.:
1896 3177 2241 3268 „Apparet
2308 3178 2435 3245 hoc
2504 3178 2785 3244 maxime

641 3286 826 3373 queri
893 3285 1176 3353 Statium
1232 3306 1466 3349 venam
1528 3293 1594 3349 et
1653 3283 1860 3352 verba
1905 3307 1973 3349 se
2021 3284 2327 3351 deficere.
2418 3284 2491 3349 ln
2540 3305 2668 3372 quo
2716 3305 2785 3350 se

642 3414 787 3457 cum
859 3390 1126 3479 Orpheo
1199 3399 1265 3457 et
1331 3389 1636 3479 Apolline
1708 3400 2062 3480 comparat.
2178 3390 2356 3475 Quid
2422 3399 2524 3457 est
2590 3412 2783 3477 ergo:

639 3496 946 3587 Orpheus
1013 3497 1292 3580 invenit,
1365 3495 1545 3585 quod
1611 3496 1930 3563 caneret?
2021 3497 2193 3570 Non
2259 3497 2578 3565 invenit
2644 3506 2787 3563 erat

644 3603 1010 3669 dicendum.
1090 3604 1184 3669 Ut
1214 3603 1280 3667 in
1312 3603 1558 3693 pietate
1591 3602 1976 3669 Abascantii
2009 3603 2091 3669 V.
2122 3603 2165 3688 l,
2202 3604 2357 3671 202:
2404 3604 2785 3693 tristemque

636 3732 870 3799 rogum
917 3711 1090 3777 sine
1140 3710 1500 3775 carmine
1548 3707 1824 3777 flevit.
1920 3710 2053 3793 Qui
2082 3711 2313 3776 unicus
2342 3709 2525 3777 locus
2572 3708 2785 3795 docet,

637 3817 963 3908 quomodo
1010 3818 1116 3883 hic
1137 3815 1565 3893 ⁷scribendum
1611 3818 1717 3900 sit,
1764 3838 2002 3903 nempe
2031 3814 2243 3883 haud
2292 3816 2438 3883 diro
2487 3817 2627 3883 viso
2674 3816 2789 3881 sic

641 3924 935 3991 vulnere.
1029 3924 1140 3991 Sic
1187 3921 1489 4011 Orpheus
1533 3924 1677 3989 viso
1712 3922 1854 3989 diro
1903 3922 2171 3989 vulnere
2210 3954 2299 3973 —·-
2330 3921 2508 3989 haud
2536 3923 2789 3989 invenit

639 4030 828 4099 dulce
877 4032 1021 4114 sibi,
1069 4029 1246 4119 quod
1295 4039 1580 4097 caneret.
1674 4030 1764 4095 Et
1809 4052 1994 4097 mox:
2045 4031 2137 4096 sic
2180 4030 2379 4098 busta
2423 4029 2575 4095 Lini
2620 4052 2789 4096 com·

633 4137 873 4227 plexus
924 4135 1164 4225 Apollo
1212 4134 1264 4202 O
1285 4136 1684 4203 onticuit“
1718 4136 2239 4225 suffragaturque
2272 4135 2581 4202 Heinsius
2612 4134 2785 4203 Adv.

623 4244 665 4309 l.
718 4241 779 4306 d.
829 4266 894 4329 p.
941 4240 1100 4308 5952
1149 4241 1578 4310 Conticuit
1635 4265 1755 4331 pro
1812 4243 1983 4309 Non
2041 4242 2303 4309 tacuit
2345 4241 2512 4307 bene
2573 4242 2774 4309 editio

629 4348 1005 4415 Parmensis
1075 4370 1221 4414 cum
1293 4347 1430 4415 Gro
1441 4348 1670 4415 novio-2
1742 4358 1919 4415 certe
1990 4348 2056 4413 in
2100 4348 2355 4414 Pietate
2404 4345 2788 4415 Abascantii
2842 4339 2849 4342 ’
