3234 4967
445 733 508 784 P.
548 734 664 795 217,
705 734 785 784 35.

1069 387 1398 458 Corrigenda.
1437 405 1450 418 ·
1469 391 1741 446 Addenda.
2387 397 2489 448 28⁴9

819 563 1424 628 trsites,.tramites
1463 561 1550 626 (cf.
1589 565 1705 614 adn.
1743 563 1920 629 Eclog.
1962 567 2027 616 86
2062 582 2111 631 p.
2151 568 2249 616 147
2293 565 2487 616 Noas:

823 646 1074 698 Nomas.
1136 646 1361 712 Conject.
1397 648 1577 701 XVII.
1614 665 1661 714 p.
1699 651 1795 700 241
1835 651 2025 701 Ebos:
2067 649 2385 716 Embros).

820 733 1049 787 Meinek.
1089 759 1152 768 --
1187 733 1332 783 Nihil
1367 736 1432 783 ad
1471 736 1884 799 cognoscendam
1915 735 2345 799 judicandamque
2368 751 2487 786 cau-

819 832 927 867 sam
976 819 1196 868 contulit
1241 819 1697 871 Haeckermannus
1750 816 1941 874 Comm.
1989 821 2043 869 in
2088 821 2329 874 Juvenal.
2383 820 2486 872 Sat.

817 919 866 967 p.
895 903 960 952 32
985 904 1166 968 Progr.
1195 903 1479 969 Gryphisw.
1519 907 1677 955 1867:
1719 903 2109 972 „Caeruleus
2144 905 2265 958 XV.
2307 909 2335 955 7
2374 907 2487 956 sim-

755 1001 760 1004 ·
819 987 1026 1052 pliciter
1059 989 1136 1037 ita
1168 1005 1261 1053 pro
1297 991 1580 1040 marinus
1617 991 1720 1040 dici
1756 1005 1935 1056 posse,
1980 998 2039 1040 ut
2074 996 2364 1056 opponatur
2400 993 2488 1040 ad·-

454 1693 516 1704 -—
557 1669 674 1730 219,
713 1671 795 1718 28.

812 1073 1003 1136 jectivo
1040 1073 1368 1135 fluvialis,
1406 1075 1498 1124 vix
1533 1074 1765 1128 arbitror.
1840 1075 2073 1126 Vocatur
2115 1077 2317 1139 quidem
2352 1074 2489 1140 Nep-

820 1165 976 1208 tunus
1033 1161 1170 1223 apud
1231 1156 1468 1210 Ovidium
1526 1161 1653 1212 Met.
1722 1161 1765 1211 1.
1827 1162 1926 1212 275
1998 1156 2261 1210 caeruleus
2319 1159 2489 1220 frater,

819 1252 1070 1294 vocantur
1102 1244 1288 1294 ibidem
1325 1245 1394 1294 ΙΙ.
1433 1248 1479 1294 8.
1540 1245 1682 1296 Fast.
1717 1245 1816 1296 111.
1856 1248 1956 1296 874
1992 1245 2211 1295 caerulei
2246 1245 2331 1305 dii,
2368 1245 2493 1308 quin

822 1329 973 1378 etiam
1009 1331 1149 1380 Fast.
1186 1329 1258 1380 11.
1301 1332 1398 1379 112
1437 1325 1645 1404 caerula
1678 1331 1893 1395 puppis,
1948 1332 2039 1381 sed
2086 1331 2290 1380 additur
2324 1329 2493 1378 fluviis

818 1414 874 1463 id
922 1415 1184 1479 epitheton
1231 1413 1348 1466 Tib.
1395 1416 1436 1465 1.
1485 1418 1544 1476 7,
1592 1416 1658 1464 14
1701 1413 1958 1480 Cydnus
1994 1415 2354 1465 caeruleus.
2390 1413 2491 1467 ΙΙΙ.

817 1501 879 1560 4,
935 1502 998 1549 18
1053 1500 1399 1550 caeruleus
1453 1499 1675 1560 amnis,
1727 1501 1913 1564 pariter
1970 1506 2123 1564 atque
2184 1500 2311 1548 mari
2366 1496 2483 1548 Seu.

823 1583 979 1648 Hipp.
1016 1583 1201 1636 1160“.

833 1669 1067 1732 Utroque
1111 1670 1259 1720 Statii
1305 1666 1423 1718 loco
1472 1669 1629 1718 allato
1680 1665 1798 1732 (IV.
1836 1670 1960 1726 690:
2016 1668 2295 1733 viridisque
2332 1668 2492 1718 comis

825 1754 1174 1804 exhorruit
1215 1755 1398 1804 humor
1447 1779 1512 1789 —
1565 1754 1637 1803 Et
1688 1769 1817 1804 cava
1866 1755 2083 1805 ferventi
2140 1756 2495 1804 durescunt

821 1830 1091 1889 flumina
1135 1840 1302 1891 limo.
1348 1839 1470 1890 XII.
1519 1840 1643 1889 167:
1696 1839 2107 1890 Horruerant
2151 1837 2493 1900 lacrimae)

819 1925 1067 1990 probasse
1112 1926 1207 1975 sibi
1255 1921 1635 1976 Klussmannus
1684 1924 1823 1973 visus
1869 1931 1947 1973 est
1986 1923 2175 1974 Philol.
2213 1922 2422 1974 xxvi.
2458 1925 2494 1971 4

821 2026 870 2074 p.
925 2011 1024 2061 625
1083 2012 1248 2075 „apud
1303 2011 1669 2061 Arnobium
1714 2010 1757 2059 I.
1807 2011 1865 2059 3:
1918 2023 2032 2058 cum
2080 2011 2239 2059 etiam
2286 2007 2495 2058 flumina

828 2096 1218 2158 cognoverimus
1263 2097 1492 2160 ingentia
1545 2095 1798 2144 liminis
1856 2091 2131 2159 (limnis)
2184 2093 2495 2142 inhorruisse

825 2176 1096 2230 siccatis
1150 2186 1290 2230 recte
1349 2182 1672 2232 emendatum
1732 2167 1847 2230 esse
1900 2194 1932 2229 a
1988 2179 2151 2230 doctis
2210 2177 2497 2228 hominibus

826 2264 1058 2316 limis“.
1093 2265 1378 2318 Immerito:
1413 2280 1635 2330 namque
1672 2271 1730 2314 ut
1746 2264 1927 2316 Orellii
1964 2263 2270 2314 sententiam
2299 2263 2497 2312 Arnob.

825 2352 862 2400 1.
901 2351 950 2402 d.
989 2367 1039 2415 p.
1077 2353 1207 2402 284:
1266 2352 1683 2415 „induruisse
1726 2350 2045 2400 solummodo
2084 2348 2269 2398 dicitur
2304 2349 2368 2396 de
2404 2345 2497 2395 flu-

729 2502 742 2510 .
825 2436 1064 2486 minibus·
1097 2434 1284 2498 frigore
1337 2433 1651 2500 congelatis“
1710 2436 2037 2500 perspicuum
2083 2441 2157 2482 est
2200 2432 2293 2482 illo
2342 2431 2495 2482 Statii

829 2521 950 2571 loco
987 2520 1256 2580 confutari,
1291 2521 1364 2570 ita
1397 2521 1554 2576 haec:
1590 2521 1801 2571 flumina
1835 2521 2011 2569 limis
2048 2516 2283 2582 (limo)
2318 2517 2495 2566 inhor-

827 2612 1031 2656 rescunt
1064 2591 1376 2657 siccatis“
1417 2603 1564 2671 paria
1599 2614 1649 2656 et
1684 2590 1873 2657 similia
1910 2619 2023 2655 esse
2051 2603 2179 2653 illis:
2216 2601 2497 2652 ferventi

829 2693 1108 2758 durescunt
1142 2691 1354 2742 flumina
1387 2691 1579 2741 limo“
1619 2707 1770 2742 nemo
1806 2691 1957 2741 facile
1992 2690 2255 2739 concedet.
2318 2686 2496 2748 Quare

829 2778 881 2826 in
919 2792 1029 2827 eam
1065 2785 1259 2842 partem
1296 2777 1643 2842 quaerendum
1682 2783 1791 2826 esse
1826 2782 1981 2836 ratus,
2016 2776 2071 2826 in
2108 2789 2260 2839 quam
2284 2771 2496 2822 Meursii

827 2863 1086 2912 inventum
1124 2862 1402 2927 lymphis
1450 2859 1540 2922 (cf.
1577 2861 1735 2911 Anal.
1772 2863 1929 2925 Prop.
1966 2861 2034 2909 X.
2072 2877 2121 2925 p.
2161 2857 2253 2920 66)
2290 2861 2501 2922 spectat,

831 2949 966 2999 hauc
1001 2949 1217 3012 concepi
1253 2947 1623 3012 suspicionem:
1676 2961 1833 3009 quum
1870 2961 1933 2995 eo
1972 2959 2157 3004 errore,
2196 2958 2297 3008 quo
2334 2941 2499 2991 alius

825 3051 918 3098 pro
965 3049 1108 3082 avus
1154 3034 1396 3098 scriptum
1441 3046 1555 3082 esse
1601 3033 1753 3080 docui
1802 3031 1973 3082 adnot.
2009 3031 2190 3093 Eclog.
2227 3029 2293 3078 24
2329 3044 2377 3092 p.
2416 3028 2499 3086 37,

835 3127 1071 3184 coeptum
1109 3126 1240 3168 esset
1275 3119 1565 3182 consignari
1599 3117 1670 3176 li,
1723 3117 1799 3176 id,
1854 3117 1991 3179 quod
2033 3129 2210 3166 verum
2247 3118 2369 3173 erat,
2407 3111 2495 3159 ad-

835 3204 1294 3270 scriptumfuisse:
1347 3219 1406 3264 u,
1451 3204 1571 3253 inde
1615 3201 1895 3252 conflatum
1932 3198 2230 3264 (liuinis)
2270 3197 2501 3249 extitisse

827 3290 1046 3341 limnis
1093 3305 1190 3356 pro
1237 3285 1412 3339 uinis
1457 3289 1510 3338 id
1557 3295 1636 3338 est
1676 3288 1877 3348 venis,
1930 3294 1989 3336 ut
2033 3286 2167 3351 apud
2214 3283 2503 3332 Martialem

833 3375 930 3426 1V.
965 3377 1048 3435 66,
1089 3378 1178 3425 122
1215 3377 1390 3424 saucia
1426 3389 1588 3424 vena
1623 3376 1676 3423 in
1698 3373 1957 3424 Vossian'o
1982 3373 2027 3421 B
2062 3371 2317 3420 invenitur
2352 3368 2505 3415 vina

841 3468 890 3510 et
938 3461 1075 3524 apud
1119 3459 1356 3509 Ovidium
1402 3461 1529 3511 Met.
1565 3459 1717 3508 XIV.
1768 3461 1865 3508 792
1902 3468 2106 3506 venas
2144 3457 2196 3504 in
2232 3454 2503 3502 Morctano

835 3547 1014 3595 rimas
1058 3546 1298 3608 idemque
1340 3547 1394 3594 in
1442 3545 1692 3610 Symposii
1730 3544 1975 3605 Aenigm.
2014 3543 2094 3600 70,
2132 3543 2163 3588 2
2198 3539 2255 3587 in
2290 3537 2501 3601 Lugdu-

836 3631 983 3679 nensi
1019 3630 1083 3679 cs.
1125 3631 1349 3682 Martial.
1395 3630 1463 3678 X.
1510 3631 1600 3691 30,
1651 3631 1731 3679 10.
1794 3627 1891 3677 VI.
1937 3628 2031 3686 49,
2070 3628 2099 3674 2
2136 3639 2208 3672 ve
2224 3637 2317 3675 na.
2391 3621 2507 3670 Put.

836 3730 1092 3767 venena.
1154 3713 1368 3764 Venis
1419 3716 1550 3765 enim
1596 3715 1766 3764 locum
1814 3713 1924 3762 dari
1972 3710 2229 3776 aptissime
2277 3707 2509 3756 declarat

833 3797 1030 3850 Seneca
1081 3798 1196 3850 Nat.
1253 3800 1350 3862 Qu.
1408 3800 1501 3853 III.
1560 3801 1654 3851 15:
1708 3813 1869 3848 vena
1922 3797 2076 3844 modo
2126 3793 2509 3843 exsiccatur

833 3887 1007 3948 aliquo
1067 3886 1462 3950 impedimento,
1517 3886 1673 3934 modo
1734 3884 1837 3932 coit
1895 3881 2033 3931 velut
2090 3881 2143 3928 in
2200 3877 2508 3927 cicatricem.

835 3971 1047 4022 Ovidius
1083 3971 1237 4022 Pont.
1275 3969 1372 4021 IV.
1410 3973 1469 4030 2,
1509 3972 1597 4019 17:
1652 3977 1708 4017 ut
1755 3969 1906 4017 limus
1942 3981 2137 4016 venas
2176 3967 2424 4014 excoecat
2454 3962 2511 4010 in

838 4058 1001 4107 undis.
1049 4057 1198 4106 codd.
1243 4056 1308 4106 al.
1357 4070 1470 4105 cum
1517 4069 1710 4104 venas
1758 4053 1979 4102 siccat.
2033 4052 2163 4100 Met.
2204 4048 2351 4101 XIV.
2391 4049 2504 4097 788.
2607 4089 2611 4094 ,

836 4141 1104 4193 Claudian.
1141 4141 1260 4195 Rus.
1306 4143 1347 4194 Ι.
1385 4143 1484 4191 303
1523 4139 1727 4201 (Heius.
1763 4154 1814 4202 p.
1852 4133 2001 4199 755):
2060 4135 2356 4197 venisque
2391 4146 2519 4215 per-V

839 4229 964 4278 ustis
1022 4226 1303 4290 Corruptos
1358 4225 1584 4290 Stygiam
1641 4229 1835 4287 pestem
1891 4220 2109 4268 desudet
2172 4220 2224 4268 in
2286 4215 2506 4267 amnes“.

835 4313 1032 4372 Lucan.
1069 4313 1167 4373 IV.
1205 4313 1322 4366 302.
1382 4309 1450 4372 X.
1500 4310 1615 4360 264.
1676 4307 1773 4365 IX.
1820 4305 1935 4356 500.
2007 4305 2171 4369 Rutil.
2208 4305 2272 4356 It.
2312 4305 2353 4360 I.
2398 4302 2511 4355 103·
