3234 4967
676 341 778 410 ²244
1491 344 1578 397 Co
1587 346 1694 415 iij-e
1707 361 1735 396 c
1746 354 1777 400 t
1818 344 1996 399 xvn.

674 512 772 577 ipsi
808 528 986 565 versus
1022 516 1186 565 ordini
1221 517 1461 567 insertam
1497 516 1653 568 fuisse
1700 518 1841 569 illam
1877 534 1943 569 ne
1978 520 2107 585 ipsis
2142 521 2329 572 litteris
2364 523 2567 587 quidem
2607 526 2811 578 omniuo

675 597 968 649 dissimilem
1031 600 1364 666 (pumilost
1421 604 1721 667 putimos,
1780 606 2137 668 spithamos
2199 606 2429 659 chifflet.
2470 610 2641 660 Tolet.
2679 610 2810 661 Plin.

675 680 736 733 N.
771 682 836 735 H.
875 684 909 733 l.
945 684 1079 736 iufra
1114 687 1161 734 d.
1221 686 1286 738 cf.
1340 688 1526 737 Electt.
1565 686 1689 740 Crit.
1728 705 1777 754 p.
1814 692 1845 739 3
1882 687 2021 755 sq.)?
2092 692 2197 743 Sed
2258 694 2379 757 quid
2427 694 2609 751 lateat,
2668 702 2811 759 pate·

673 766 870 817 facturo
905 771 1301 829 praemunienda
1337 780 1456 821 suut
1511 774 1710 836 aliqua,
1770 782 2042 837 postquam
2098 777 2343 827 Imhofius
2400 758 2615 840 „totum'
2643 780 2811 830 locum

675 852 804 901 male
841 852 1080 905 affectum
1116 854 1166 903 in
1201 856 1512 907 ,editionibus
1547 872 1757 907 sanasse
1794 873 1863 908 ex
1898 860 2078 913 codd.“
2133 856 2229 911 sibi
2284 864 2423 911 visus
2460 872 2542 913 est
2585 865 2637 913 iu
2674 865 2811 915 hunc

673 937 877 991 modum
915 940 1203 991 scribendo:

1046 1040 1227 1092 Edunt
1261 1044 1474 1093 vulnera
1509 1056 1886 1110 conseruntque
1924 1050 2131 1099 dextras

1043 1126 1114 1176 Et
1147 1130 1360 1177 mortem
1397 1129 1491 1177 sibi
1527 1156 1590 1165 ·-—
1631 1134 1841 1195 quam!
1881 1160 1943 1169 -
1983 1149 2162 1183 manu
2200 1136 2470 1187 minantur.
2572 1150 2577 1153 ·

1043 1212 1198 1262 Ridet
1233 1212 1369 1262 Mars
1406 1223 1552 1277 pater
1588 1226 1641 1264 et
1674 1225 1887 1267 cruenta
1920 1216 2097 1268 Virtus

1047 1294 1378 1361 casuraeque
1411 1300 1558 1364 vagis
1595 1316 1747 1362 grues
1784 1303 1975 1367 rapinis

1044 1382 1298 1431 Mirantur
1333 1384 1606 1447 pumilos
1642 1385 1935 1436 ferociores.

673 1480 854 1545 Neque
893 1483 1025 1533 enim
1063 1492 1150 1533 aut
1214 1485 1498 1534 sententiae
1531 1488 1870 1551 perspicuitas
1907 1496 1995 1537 aut
2031 1491 2248 1540 orationi
2286 1500 2489 1543 constat
2522 1493 2809 1559 integritas,

672 1566 766 1615 nisi
798 1566 843 1615 si
879 1566 962 1616 hic
999 1569 1124 1617 ordo
1159 1568 1474 1621 instituatur:
1529 1570 1736 1630 „Edunt
1769 1572 1980 1622 vulnera
2018 1584 2397 1641 conseruntque
2434 1576 2658 1627 dextras.
2690 1578 2812 1627 >En

670 1650 814 1703 Mars
853 1658 904 1699 et
937 1650 1118 1702 Virtus
1175 1667 1264 1703 eos
1321 1668 1434 1702 cum
1485 1655 1597 1718 ipso
1632 1657 1769 1704 vitae
1806 1657 2097 1708 discrimine
2152 1660 2289 1709 inter
2322 1676 2378 1710 se
2413 1660 2689 1725 confligere
2725 1660 2810 1710 ri-

673 1736 827 1787 dent
863 1734 1052 1801 (Theb.
1088 1736 1158 1789 X.
1195 1739 1310 1792 648.
1347 1737 1444 1789 IV.
1484 1740 1598 1790 293.
1637 1739 1702 1789 V.
1740 1742 1856 1791 357.
1904 1742 2075 1793 Plaut.
2114 1742 2264 1809 Capt.
2301 1744 2399 1799 ΙΙΙ.
2438 1748 2484 1807 1,
2522 1743 2641 1806 20):

1145 1838 1318 1891 Edunt
1352 1841 1568 1891 vulnera
1604 1850 1975 1908 conseruntque
2012 1846 2234 1897 dextras.

1128 1926 1241 1975 'En
1276 1934 1504 1987 mortem,
1543 1928 1636 1977 sibi
1675 1941 1825 1990 quam
1864 1944 2015 1979 manu
2052 1932 2320 1991 minantur,

764 2003 808 2059 Χ
1146 2012 1336 2060 Rident
1369 2011 1512 2061 Mars
1547 2020 1695 2077 pater
1732 2026 1781 2062 et
1816 2023 2025 2064 cruenta
2060 2016 2255 2067 Virtus.

670 2113 811 2163 Nihil
848 2120 1017 2162 autem
1078 2112 1170 2161 illo
1232 2128 1403 2162 errore
1465 2115 1671 2165 voculas
1731 2126 1793 2165 et
1853 2126 1903 2165 et
1963 2132 2035 2167 eu
2070 2120 2461 2183 permutantium
2498 2119 2811 2184 frequentius

671 2213 783 2249 esse
843 2200 1098 2264 copiosius
1143 2199 1594 2249 demonstrabimus
1652 2201 1895 2254 Emendd.
1958 2202 2115 2267 Prop.
2153 2202 2304 2253 VIII.
2359 2206 2391 2254 3
2450 2204 2514 2258 cf.
2575 2202 2811 2269 Conject.

668 2284 876 2335 XVIII.
949 2284 1112 2335 Theb.
1149 2284 1246 2333 1v.
1282 2286 1412 2335 404:
1483 2286 1562 2334 Et
1615 2287 1779 2337 saltus
1835 2288 1943 2337 dux
1995 2288 2123 2337 alter
2158 2289 2329 2339 habet.
2400 2290 2573 2340 Burm.
2610 2288 2811 2353 Vecfig.

669 2369 816 2419 Rom.
853 2369 954 2419 lv,
1001 2379 1051 2433 p·.
1087 2371 1156 2420 40
1192 2368 1296 2418 En.
1367 2370 1486 2419 Jam
1539 2379 1941 2421 consentaneum
1996 2382 2075 2422 est
2126 2374 2261 2423 hanc
2315 2374 2554 2438 subjungi
2606 2381 2811 2425 senten·

669 2455 817 2505 tiam:
872 2452 1036 2515 Quid,
1075 2456 1214 2519 quod
1249 2454 1474 2505 futurum
1513 2462 1606 2516 est,
1642 2462 1699 2504 ut
1734 2470 1893 2519 grues
1924 2457 2031 2520 jam
2068 2458 2399 2522 experiantur
2434 2458 2718 2523 Pygmaeos
2754 2472 2811 2509 se

667 2538 978 2589 ferociores?

1211 2623 1398 2675 Norint
1433 2625 1915 2692 Trispithamos
1951 2626 2241 2701 ferociores.

667 2720 1014 2777 Insolentioris
1050 2726 1266 2776 nominis
1301 2732 1456 2777 testes
1488 2728 1570 2787 do,
1607 2742 1737 2792 quos
1776 2743 1837 2777 ne
1875 2727 1996 2777 VV.
2032 2730 2151 2782 DD.
2190 2729 2367 2795 Steph.
2405 2730 2563 2779 Thes.
2599 2730 2722 2780 VII.
2760 2746 2810 2795 p.

674 2815 809 2864 2464
833 2829 907 2878 sq.
948 2811 1206 2876 quidem
1244 2819 1506 2872 noverunt,
1543 2810 1841 2861 Strabonem
1863 2814 1931 2863 ΙΙ.
1951 2830 2001 2878 p.
2024 2816 2089 2863 70
2108 2812 2183 2879 (p.
2206 2818 2321 2877 108,
2358 2814 2471 2879 30):
2507 2811 2812 2866 ἀνεκαίνισαν

667 2895 720 2947 δὲ
745 2896 829 2949 καὶ
865 2895 956 2964 τὴν
981 2890 1260 2962 Ὁμηρικὴν
1297 2900 1400 2945 τῶν
1423 2889 1693 2963 Πυγμαίων
1713 2896 2079 2969 γερανομαχίαν
2105 2895 2561 2965 τρισπιθάμους
2596 2898 2811 2957 εἰπόντες

673 2992 723 3033 et
757 2983 878 3038 XV.
918 3001 964 3049 p.
1010 2986 1105 3033 711
1147 2980 1220 3046 (p.
1261 2984 1376 3043 221,
1413 2982 1490 3046 3),
1529 2998 1680 3048 quem
1717 2984 1884 3047 locum
1922 2985 1999 3033 his
2034 2986 2337 3034 Eustathius
2372 2986 2521 3037 Hom.
2557 2986 2621 3039 11.
2658 2986 2755 3037 111.
2778 2988 2811 3037 6

671 3085 720 3133 p.
759 3071 876 3129 372,
925 3070 990 3121 15
1046 3068 1243 3117 reddit:
1315 3063 1340 3115 ὁ
1396 3063 1448 3117 δὲ
1501 3066 1793 3144 γεωγροὶςρος
1846 3064 2271 3135 πεντεσπιθάμους
2322 3068 2407 3121 καὶ
2458 3066 2813 3139 τρισπιθάμους

667 3149 967 3223 ἀνθρώπους
1001 3151 1210 3218 ἱστορῶν
1246 3148 1463 3217 πόλεμον
1499 3149 1622 3222 πρὸς
1656 3150 1769 3208 τοὺς
1802 3150 2253 3222 τρισπιθάμους
2288 3152 2413 3204 εἶναι
2448 3160 2573 3210 ταῖς·
2592 3153 2813 3224 γεράνοις

670 3236 832 3307 φησίν,
869 3248 918 3289 et
951 3238 1174 3289 Plinium
1210 3238 1274 3289 N.
1311 3238 1376 3291 H.
1414 3236 1538 3287 VII.
1579 3239 1625 3297 2,
1664 3240 1693 3285 2
1730 3254 1779 3301 p.
1819 3240 1875 3287 9:
1936 3238 2134 3303 „Super
2186 3239 2281 3289 hos
2318 3248 2547 3289 extrema
2578 3240 2633 3289 in
2666 3249 2813 3305 parte

667 3326 913 3375 montium
973 3323 1394 3387 'trispithami
1448 3322 1899 3387 Pygmaeique
1958 3332 2237 3373 narrantur
2296 3331 2466 3374 ternas
2525 3324 2811 3389 spithamas

667 3410 998 3473 longitudine
1034 3410 1132 3458 hoc
1168 3416 1244 3457 est
1279 3416 1454 3457 ternos
1492 3404 1765 3458 dodrantis
1800 3424 1907 3459 non
1946 3410 2315 3459 excedentes“:
2375 3409 2505 3459 haec
2542 3411 2673 3459 euim
2702 3410 2812 3473 jam

667 3496 776 3561 ejus
830 3494 927 3544 loci
983 3495 1183 3559 species
1237 3492 1524 3557 praevaluit
1575 3493 1645 3551 ei,
1708 3507 1857 3555 quam
1913 3495 2111 3559 accepit
2167 3492 2391 3555 Clericus
2440 3494 2646 3557 Quaest.
2684 3495 2811 3545 VII.

666 3598 714 3647 p.
751 3583 877 3633 3542
917 3578 1315 3645 Spithamaei
1351 3578 1706 3643 Pygmaei.“
1774 3578 2008 3630 Norint
2042 3587 2227 3641 autem,
2259 3583 2320 3629 ut
2354 3582 2487 3645 apud
2514 3580 2812 3631 Martialem

669 3668 844 3732 Spect.
882 3664 1145 3717 XXVIII.
1185 3667 1272 3715 12:
1344 3664 1572 3713 Fucinus
1620 3672 1671 3712 et
1705 3664 1804 3711 diri
1842 3670 2103 3715 taceantur
2136 3676 2317 3729 stagna
2352 3665 2596 3717 Neronis:
2664 3665 2813 3715 Hanc

667 3754 887 3805 norint
925 3749 1146 3816 (Thuan.
1187 3748 1456 3810 norunt)
1493 3763 1648 3797 unam
1684 3748 1893 3797 saecula
1917 3751 2319 3802 naumachiam.“
2390 3750 2627 3828 Ovidium
2652 3750 2813 3801 Trist.

666 3836 763 3888 IV.
802 3840 850 3897 9,
886 3839 977 3889 25;
1032 3835 1144 3887 Nec
1179 3845 1268 3883 tua
1304 3842 1354 3881 te
1398 3842 1595 3883 sontem
1646 3836 1999 3885 tantummodo
2036 3836 2245 3885 saecula
2279 3837 2498 3887 norint
2556 3835 2699 3897 (Pal.
2735 3851 2811 3901 pr.

668 3921 782 3971 Put.
823 3920 1075 3985 norunt).
1147 3920 1417 3970 Lucanum
1442 3917 1597 3969 VIII.
1638 3920 1765 3969 774:
1802 3918 2072 3979 „Inveniat
2106 3921 2274 3969 trunci
2312 3921 2512 3971 cineres
2548 3926 2601 3971 et
2632 3920 2813 3972 norit

669 4024 867 4067 arenas,
903 4008 988 4057 Ad
1037 4022 1180 4071 quas,
1215 4005 1605 4074 Magum-tuum
1644 4002 1831 4053 referat
1866 4005 2067 4070 caput.“
2140 4005 2305 4055 Drak.
2344 4006 2456 4056 Liv.
2493 4004 2589 4055 VI.
2626 4006 2709 4065 18,
2748 4006 2814 4055 10

666 4110 716 4159 p.
756 4095 854 4144 168
891 4109 964 4158 sq.
1040 4093 1192 4153 Quod
1228 4087 1461 4143 'verbum
1513 4088 1588 4137 sic
1640 4088 1885 4152 positum:
1940 4091 2245 4143 noruntri
2300 4086 2627 4155 (spithamos)
2666 4090 2814 4141 facile

665 4180 966 4244 intelligitur
1019 4178 1274 4245 quomodo
1327 4175 1392 4224 ab
1447 4172 1842 4237 imperitioribus
1896 4178 2115 4227 librariis
2170 4176 2441 4227 deductum
2478 4176 2545 4225 sit
2578 4177 2645 4225 ad
2680 4175 2815 4225 hanc

665 4266 904 4317 formam:
941 4265 1250 4317 mirantur
1289 4260 1376 4325 (cf.
1411 4260 1525 4311 Liv.
1563 4256 1595 4305 l.
1636 4258 1684 4307 d.
1720 4262 1928 4316 noritis.
1965 4261 2109 4312 Leid.
2148 4264 2175 4312 1
2230 4261 2463 4314 moritis.
2536 4259 2809 4313 Claudian.

668 4353 728 4404 R.
767 4351 913 4401 Pros.
951 4342 1188 4402 111.'129
1224 4344 1494 4400 mirantia.
1565 4350 1689 4401 Jun·
1726 4364 1825 4403 sec.
1863 4349 2041 4417 Ambr.
2080 4358 2194 4399 tert.
2232 4347 2575 4409 moerentia).
