3234 4967
649 388 732 456 34
1547 395 1773 449 Aduo«.
1812 398 1905 449 20.

647 598 942 683 nugine
987 598 1268 685 malas,
1317 622 1516 691 quum
1561 603 1629 667 in
1674 600 1883 668 Rehd.
1934 603 2047 667 sit:
2110 602 2391 669 crudelis
2441 603 2651 670 vidit
2709 603 2797 670 la·

645 704 910 789 nugine,
980 706 1436 773 recordatione
1505 731 1655 773 cum
1724 706 1955 773 talium
2019 708 2332 793 locorum,
2416 710 2625 797 qualis
2696 721 2796 777 est

647 810 841 876 Statii
907 809 950 875 l.
1001 812 1064 877 d.
1115 822 1180 877 et
1225 812 1350 877 IX.
1402 814 1558 879 703:
1632 813 1939 879 Nondum
1994 824 2283 880 mutatae
2338 837 2529 881 rosea
2574 815 2797 881 lanu-

645 918 839 1001 gine
907 918 1234 984 malae.“
1321 919 1616 985 Lucretii
1673 921 1772 986 VI
1828 921 1993 985 8891
2060 920 2240 985 1110111
2310 923 2509 987 vestit
2576 920 2796 988 lanu·

645 1025 834 1107 gine
881 1022 1154 1089 malas.
1222 1026 1477 1090 Lucani
1520 1026 1610 1090 X.
1665 1024 1825 1091 135:
1872 1026 2008 1091 Vix
2052 1024 2187 1091 11113
2230 1026 2525 1093 fuscante
2572 1038 2795 1094 tamen

644 1126 1038 1215 lanugine
1083 1129 1411 1196 malas.“
1485 1130 1810 1197 Martialis
1856 1130 1946 1196 II.
1996 1132 2101 1215 61,
2155 1134 2225 1197 1:
2274 1132 2443 1199 Cum
2488 1134 2609 1201 tibi
2654 1158 2795 1200 ver-

645 1245 876 1299 narent
925 1235 1126 1302 dubia
1166 1236 1557 1324 lanugine
1606 1237 1870 1303 malae
1920 1236 2033 1327 (cf.
2080 1239 2135 1304 I.
2184 1240 2291 1321 31,
2338 1240 2401 1305 5.
2448 1239 2795 1307 Claudian.

643 1340 762 1403 IV.
835 1338 1030 1407 Cons-
1089 1343 1264 1408 Hon.
1316 1344 1462 1409 199.
1531 1344 1758 1408 Burni.
1817 1343 2019 1409 Anth.
2066 1344 2213 1410 Lat.
2260 1345 2345 1409 V.
2392 1348 2433 1411 3
2494 1370 2559 1433 p.
2606 1346 2793 1436 481).

646 1444 984 1533 Calpurnii
1029 1447 1172 1513 Ecl.
1217 1450 1342 1515 IX.
1395 1449 1510 1515 77:
1561 1450 1757 1532 Quod
1803 1450 1961 1533 vidi,
2010 1450 2191 1517 nulla
2236 1453 2517 1537 tegimus
2563 1452 2795 1517 lanu-

644 1554 833 1637 gine
880 1554 1127 1619 malas
1174 1578 1252 1620 ac
1298 1553 1647 1621 Claudiani
1683 1556 1803 1620 IV.
1842 1556 2038 1621 Cons.
2071 1557 2245 1621 Hon.
2297 1558 2427 1621 642
2443 1582 2458 1622 z
2505 1558 2635 1623 Per
2679 1569 2793 1625 tua

643 1656 944 1745 lanugo
992 1655 1522 1747 cum'serpere
1573 1662 1867 1749 coeperit
1916 1666 2096 1744 ora,“
2142 1672 2279 1727 tum
2313 1662 2576 1747 Virgilii
2622 1662 2790 1729 Aen.

643 1764 732 1829 X.
767 1764 940 1830 324:
987 1765 1339 1831 flaventem
1382 1767 1639 1853 prima
1683 1765 2061 1851 lanugine
2108 1766 2372 1831 1113135.
2444 1766 2586 1833 Silii
2633 1769 2785 1833 VII.

644 1869 805 1935 691:
874 1872 1138 1959 prima
1206 1894 1470 1959 sparsus
1538 1872 1931 1957 lanugine
2001 1871 2271 1936 1113135.
2359 1873 2547 1937 XVI.
2619 1873 2783 1937 469:

643 1976 994 2063 adspersus
1071 1980 1327 2066 prima
1393 1978 1792 2064 lanugine
1862 1976 2134 2043 1113135.
2228 1978 2309 2042 cf.
2372 1976 2567 2043 Ovid.
2628 1978 2784 2043 Met.

644 2080 820 2169 (cod.
855 2083 1178 2173 Gronov.)
1212 2083 1370 2149 Xlll.
1406 2086 1564 2150 754:
1614 2084 1921 2171 Signarat
1965 2086 2228 2171 prima
2273 2094 2535 2149 teneras
2581 2082 2789 2148 lanu-

642 2189 793 2274 gine
848 2188 1075 2255 malas.
1129 2191 1266 2255 Ine.
1314 2190 1605 2279 Epithal.
1655 2191 1851 2255 Laur.
1904 2198 1971 2253 et
2016 2190 2184 2253 Mar.
2239 2189 2347 2257 14:
2397 2199 2463 2254 te
2524 2191 2788 2277 prima

629 2288 1024 2381 juventus
1069 2296 1406 2381 Insignem
1451 2305 1890 2382 vegetumque
1939 2304 2121 2359 tenet
2164 2334 2253 2344 ——-
2291 2294 2790 2381 Florigenas

640 2400 963 2491 plenaque
1032 2402 1270 2468 decens
1329 2400 1715 2486 lanugine
1793 2399 2052 2466 malas
2108 2440 2197 2449 --
2251 2400 2588 2489 dempsisti
2658 2398 2790 2465 vel·

639 2507 778 2573 Iera
823 2509 1059 2574 ferro“
1077 2508 1371 2573 :talium
1427 2509 1633 2595 igitur
1680 2508 1971 2573 locorum
2026 2507 2479 2580 recordatione
2545 2508 2768 2571 factun

638 2614 932 2710 videtur
942 2637 1102 2705 esse,
1149 2625 1223 2679 ut
1270 2638 1349 2680 03
1391 2614 1687 2717 levitate,
1734 2636 1865 2701 qua
1910 2613 2070 2679 nihil
2116 2614 2542 2711 pervagatius
2589 2613 2786 2677 fuisse

641 2731 707 2785 et
751 2723 820 2785 in
865 2720 1106 2786 Electt.
1155 2722 1318 2787 Orit.
1364 2744 1430 2809 p.
1441 2710 1526 2785 3
1565 2744 1659 2808 sq.
1722 2719 2309 2785 demonstravimus
2366 2728 2431 2783 et
2475 2742 2788 2785 memora-

638 2826 756 2891 bili
813 2826 1260 2915 exemplorum
1306 2825 1504 2891 modo
1549 2827 1620 2891 in
1666 2826 1993 2889 Emendd.
2042 2826 2237 2911 Prop.
2285 2825 2375 2889 II.
2432 2828 2464 2889 1
2512 2834 2649 2890 not.
2703 2825 2785 2889 14

641 2933 1184 3015 confirmabimus,
1232 2932 1484 3010 librarii
1511 2954 1635 3019 pro
1666 2929 1823 2995 lam
1840 2956 1875 2995 a
1896 2955 1925 2995 5
1958 2928 2107 2995 stilo
2141 2932 2494 3031 signarent
2506 2929 2784 3016 1113135;

638 3064 790 3105 113111
840 3062 1066 3104 vocem
1114 3039 1523 3103 flammam
1569 3038 1819 3124 paliter
1866 3046 2061 3123 atque
2110 3058 2275 3117 03111,
2338 3036 2443 3099 0111
2488 3036 2631 3123 ipsa
2677 3058 2789 3101 no-

640 3148 774 3210 cuit
841 3145 1018 3232 apud
1088 3144 1368 3211 Statium
1427 3143 1635 3208 Theb.
1695 3144 1785 3208 X.
1846 3141 1932 3206 55
2002 3140 2259 3229 (Barth.
2321 3163 2385 3228 Ρ.
2450 3140 2651 3230 1126)
2722 3152 2789 3206 01

640 3250 1012 3318 Martialem
1056 3249 1164 3315 lV.
1200 3249 1304 3330 75,
1340 3250 1376 3313 7
1429 3248 1540 3337 (cf.
1575 3250 1770 3337 Prop.
1805 3247 1869 3312 ll.
1906 3247 2014 3330 25,
2054 3248 2161 3330 86,
2208 3246 2324 3313 ubi
2372 3246 2786 3311 scribendum

641 3381 815 3425 esse:
887 3357 1146 3440 „Varro
1193 3355 1566 3421 Leucadiae
1624 3356 1911 3419 maxima
1968 3354 2175 3418 fama
2232 3374 2388 3417 suae
2405 3356 2447 3389 “
2496 3352 2787 3419 declarat

643 3463 746 3529 vel
792 3461 1116 3529 Martialis
1161 3463 1250 3527 X.
1302 3462 1450 3543 103,
1498 3462 1571 3525 4:
1632 3462 1853 3543 „Nam
1904 3461 2102 3525 decus
2151 3469 2217 3524 et
2262 3482 2499 3525 nomen
2543 3460 2787 3528 fama-

639 3594 765 3660 que
809 3577 1092 3634 vestra
1145 3572 1447 3649 sumu8,“
1508 3589 1703 3653 quem
1736 3551 1974 3631 01111511
2020 3564 2447 3631 Marklandus
2494 3565 2653 3631 Silv.
2700 3566 2783 3628 V.

638 3679 700 3759 3,
764 3676 849 3743 93
907 3698 974 3763 p.
1019 3672 1202 3762 384),
1263 3674 1545 3737 famam
1604 3671 1673 3736 in
1719 3671 1939 3757 Valgii
1998 3673 2479 3737 commentariis
2537 3696 2601 3761 p.
2654 3668 2785 3737 362

641 3783 977 3848 docuimus
1023 3780 1358 3846 lamnam
1405 3779 1645 3843 factum
1697 3799 1859 3859 esse⁷
1895 3800 2020 3865 quo
2069 3778 2301 3843 eodem
2346 3777 2541 3843 modo
2588 3799 2785 3841 voces

639 3888 937 3953 flamen
1019 3897 1087 3951 01
1167 3886 1448 3969 11111011,
1529 3886 1795 3949 lumen
1866 3886 2124 3971 saepius
2192 3886 2521 3973 permixta
2586 3885 2783 3949 fuisse

641 3994 930 4059 dicemus
998 3992 1324 4058 Emendd.
1387 3992 1586 4078 Prop.
1654 3988 1761 4056 lv.
1836 3992 1893 4057 1.
1966 3992 2049 4055 V.
2124 3992 2181 4055 1.
2252 3992 2332 4057 cf.
2404 3990 2782 4055 flammis:

639 4100 876 4165 fumis
945 4098 1173 4165 Seren.
1243 4098 1572 4165 Sammon.
1646 4097 1751 4179 20,
1822 4096 1973 4161 359.
2044 4096 2415 4161 flammis:
2486 4098 2784 4185 campis

640 4206 865 4269 Burm.
940 4203 1284 4271 Claudian.
1352 4203 1460 4267 Pr.
1510 4201 1708 4267 Cons.
1758 4199 1902 4266 Stil.
1952 4202 1997 4263 1.
2052 4200 2178 4265 184
2244 4224 2309 4288 p.
2369 4202 2519 4267 365.
2581 4204 2781 4283 vita,

639 4311 898 4375 mitra.
953 4310 1168 4373 Vatic.
1227 4309 1432 4397 quint.
1491 4310 1709 4372 fama
1765 4306 1947 4371 Mall.
1996 4306 2246 4372 Theod.
2302 4308 2452 4372 334.
2548 4308 2784 4388 Quam-

521 4502 524 4507 ·
639 4438 835 4503 quam
895 4436 1027 4484 non
1087 4415 1385 4495 deerunt,
1447 4415 1558 4500 qui
1619 4423 1905 4477 statuere
1962 4412 2190 4477 malint
2248 4423 2561 4481 extrema.
2610 4436 2777 4499 quae
