3234 4967
1226 454 1503 523 oonj00t.
1541 451 1725 510 xvn.
2438 428 2537 507 23⁷

377 614 552 683 'XIV.
590 631 705 693 227,
775 625 1036 697 Λειμῶνη,
1074 610 1364 696 Μηκώνη,”
1389 624 1627 692 aliorum,
1690 645 1821 695 qnae
1860 622 2211 694 disceptarunt
2243 620 2537 688 Lobeckius

401 718 551 769 Psth.
590 716 686 767 IV.
725 718 772 777 5,
809 718 839 765 2
893 732 942 781 p.
982 716 1080 765 229
1136 722 1185 763 et
1235 714 1522 767 Meinekius
1575 710 1744 765 Diatr.
1799 717 1864 764 ad
1920 714 2217 765 Callimach.
2254 713 2434 777 Epigr.
2473 704 2538 763 23

400 819 451 867 p.
489 804 614 863 275;
653 801 920 851 manifesta
957 801 1090 849 enim
1128 798 1317 848 indicia
1351 808 1401 849 et
1424 798 1636 863 vestigia
1672 806 1850 849 extant
1884 797 1936 848 in
1961 797 2288 861 Alciphronis
2323 796 2423 850 111.
2452 798 2538 848 1‘1:

402 879 766 956 Χαιρέστρατος
829 880 1048 954 Ληριόνῃ
1121 884 1270 933 libris.
1323 883 1444 937 Vat.
1517 878 1711 951 Ληρίῳ.
1796 883 1841 932 Β
1913 890 1964 931 et
2034 881 2215 931 venet.
2285 876 2540 951 Λειριόνῃ.

403 976 450 1023 1.
487 964 816 1039 Ἐπιτριβείης
851 966 895 1019 ὦ
933 964 1152 1036 Ληριόνη
1187 968 1310 1017 Vat.
1349 963 1555 1037 Ληρίον.
1617 967 1796 1017 Venet.
1835 963 2059 1033 Ληρίων)
2100 975 2153 1016 et
2186 967 2279 1017 45:
2340 960 2539 1016 ἐπανελ-

391 1052 569 1107 θοῦσα
599 1058 692 1105 τοῦ
719 1052 998 1122 ’συμποσίου
1034 1049 1267 1122 Λειριόνη
1303 1054 1443 1115 (cod.
1479 1046 1524 1102 Θ
1557 1048 1842 1121 ἠλυκριόνη,
1900 1053 2033 1117 quod
2084 1050 2318 1102 Seilerus
2348 1035 2540 1127 sisten-

402 1138 626 1212 τρυώνη,
685 1140 973 1191 Meiuekius
1032 1137 1066 1207 ἡ
1103 1134 1320 1205 Ληριόνη
1379 1152 1488 1187 esse
1546 1139 1925 1203 interpretatur,
1988 1150 2085 1201 ego
2146 1136 2393 1201 appositis
2454 1148 2543 1185 vo-

405 1226 604 1277 cabulis
663 1224 696 1295 ἢ
755 1222 946 1291 κρινώ
986 1250 1047 1263 --
1085 1222 1417 1275 tantumdem‘
1455 1223 1587 1273 enim
1644 1221 1815 1271 valent
1872 1214 2067 1287 Κρινώ,
2101 1229 2151 1271 et
2194 1216 2443 1290 Λειριώνη
2480 1243 2543 1256 -—

405 1320 582 1363 natum
621 1309 896 1377 suspicor).
968 1310 1050 1360 Ac
1086 1324 1196 1359 sum
1233 1323 1327 1373 pro
1362 1308 1459 1357 hac
1495 1308 1753 1358 sententia.
1788 1308 2007 1366 firmior,
2045 1314 2314 1373 postquam
2350 1317 2384 1355 s
2414 1304 2546 1355 Mei-

406 1398 560 1447 nekio
622 1412 671 1461 p.
712 1395 805 1445 131
861 1396 1012 1444 haec:
1077 1390 1308 1465 Λειριόνῃ
1347 1394 1422 1442 vir
1455 1394 1639 1443 doctus
1675 1394 1731 1441 in
1766 1392 2009 1441 thesauro
2046 1390 2107 1442 L.
2146 1390 2209 1441 G.
2246 1406 2295 1441 v.
2332 1385 2548 1461 Λήριονε

405 1483 506 1532 hoe
542 1488 744 1531 secutus
780 1480 925 1529 sum“
977 1478 1108 1529 salso
1165 1480 1354 1543 scripta
1389 1492 1500 1528 esse
1535 1477 1793 1536 intellexi;
1852 1477 1992 1526 aliud
2030 1478 2162 1527 enim
2191 1476 2440 1539 judicium⁴
2474 1483 2551 1525 est

409 1567 569 1629 Angli
605 1566 820 1615 hominis
844 1564 911 1615 V.
937 1580 988 1629 p.
1015 1566 1130 1615 261.
1156 1564 1234 1617 D:
1274 1558 1462 1631 Λήριον
1498 1576 1691 1612 nomen
1726 1562 1952 1613 mulieris
1988 1578 2069 1627 ap.
2106 1556 2456 1625 Alciphr.111.
2487 1561 2549 1609 17

409 1651 554 1701 libris
591 1658 764 1701 tamen
809 1650 1220 1701 dissentientibus
1273 1658 1328 1700 et
1387 1650 1452 1698 ad
1489 1641 1795 1715 Λειριώνη
1848 1648 2176 1708 ducentibus),
2238 1660 2339 1710 quo
2398 1646 2550 1695 modo

403 1736 731 1785 scribendum
787 1735 987 1783 videtur
1037 1750 1088 1785 n.
1139 1731 1395 1801 Λειριόνη,
1457 1734 1598 1797 quod
1659 1742 1736 1783 est
1788 1734 1857 1783 ib.
1902 1730 2023 1784 45.“
2090 1731 2161 1781 Et
2213 1719 2319 1803 ¹¹¹⁸*-
2348 1719 2552 1794 quidem

411 1822 764 1885 quaestionem
801 1820 1004 1869 viderer
1054 1821 1358 1885 profligasse
1412 1827 1596 1879 totam,
1650 1820 1767 1868 nisi·
1802 1804 2024 1869 levitatis
2060 1817 2331 1866 accusandi
2364 1802 2552 1875 essent,

413 1907 704 1970 quicunque
739 1904 1162 1955 Scholiastae
1200 1904 1494 1955 Nicandr.
1531 1904 1729 1954 locumz
1766 1898 1977 1953 ἐλθόντα
2017 1928 2075 1938 -
2114 1898 2234 1969 πρὸς
2271 1894 2553 1953 Οἰνοπίωνα

411 1983 652 2057 Μερόπην
685 1988 779 2059 τὴν
797 1982 1021 2057 ’γυναῖκα
1059 1984 1324 2055 βιάσασθαι
1346 1990 1627 2052 attigerunt
1646 2002 1741 2038 nec
1765 1988 1889 2038 vitio
1914 1988 2151 2039 effectum
2170 1987 2555 2038 intellexerunt.

413 2075 543 2127 Nam
581 2088 632 2125 et
666 2075 782 2141 ipsa
813 2076 994 2125 verba:
1031 2067 1270 2141 Μερόπην
1305 2072 1414 2143 τὴν
1451 2078 1735 2141 γυναῖκα,
1774 2088 1907 2136 quae
1932 2075 2161 2124 correxit
2183 2073 2365 2133 verius,
2404 2085 2555 2136 qnam

415 2149 732 2226 transcripsit
783 2158 980 2210 natans
1017 2158 1202 2211 comes
1237 2162 1404 2226 Myth.
1444 2160 1594 2210 v111.
1636 2162 1697 2210 12
1751 2176 1801 2225 p.
1840 2162 1967 2211 882:
2040 2160 2327 2224 „Meropen
2364 2158 2557 2209 iuius

415 2260 672 2297 uxorem
710 2246 888 2295 vitiare
923 2254 1133 2297 conatus
1169 2247 1274 2297 est⁴‘
1314 2244 1403 2309 (cf.
1441 2246 1578 2296 Plut.
1617 2244 1729 2297 Cat.
1766 2245 1892 2308 Maj.
1934 2247 2023 2295 17:
2068 2236 2308 2300 Μανίλιος
2348 2268 2408 2279 -
2444 2241 2558 2311 τὴν

417 2330 612 2383 αὑτοῦ
648 2334 908 2398 γυναῖκα
945 2356 1008 2367 --
1046 2327 1414 2401 κατεφίλησεν),
1471 2346 1585 2382 cum
1624 2346 1763 2381 more
1798 2343 2095 2394 graecorum
2131 2330 2431 2395 scriptorum
2468 2336 2558 2393 pe}-

416 2434 526 2467 rum
583 2424 868 2481 congruunt
925 2425 976 2466 ct
1030 2424 1273 2466 constans
1339 2417 1476 2467 fama
1529 2424 1607 2467 est
1656 2416 1974 2482 Oenopionis
2031 2417 2189 2465 filiam
2249 2416 2313 2465 ab
2368 2413 2559 2465 Orione

416 2504 700 2553 adamatam
754 2501 934 2562 fuisse,
986 2516 1092 2551 non
1143 2518 1378 2551 uxorem.
1451 2501 1628 2561 Quare
1684 2516 1839 2566 quum
1874 2504 2082 2569 γυναῖκα
2131 2508 2181 2552 et
2232 2496 2560 2571 θυγατέρα

415 2604 518 2638 uon
575 2588 728 2638 liceat
784 2594 1078 2651 permutare
1140 2602 1202 2636 ea
1260 2589 1484 2652 ratione,
1545 2602 1648 2651 qua
1706 2589 1843 2653 apud
1901 2586 2336 2652 Nicephorum
2396 2586 2561 2651 Basil‚

417 2674 690 2738 Progymn.
725 2669 848 2725 VII.
905 2674 965 2720 11
1022 2687 1073 2736 p.
1125 2672 1390 2737 492,1„26:
1461 2664 1760 2741 Ἀφροδίτης
1814 2669 2017 2741 μήτηρ
2070 2665 2315 2741 Ἃρμονία
2374 2672 2564 2735 corrigi

419 2754 694 2825 θυγάτηρ
730 2771 837 2806 non
874 2758 1037 2805 minus
1073 2771 1249 2806 verum
1285 2765 1378 2817 est,
1417 2771 1568 2821 quam
1604 2758 1654 2806 in
1690 2758 1753 2806 iis
1789 2758 1933 2818 lociS,
1970 2772 2099 2821 quos
2134 2757 2427 2807 indicarunt
2461 2755 2563 2805 Lo·

418 2841 628 2893 beckius
665 2841 922 2907 Aglaoph.
961 2856 1011 2906 p.
1051 2839 1166 2893 353.
1219 2848 1327 2893 not.
1365 2857 1396 2891 a
1436 2850 1487 2891 et
1521 2842 1777 2907 Hauptins
1814 2840 1965 2892 Obss.
2004 2840 2130 2895 crit.
2166 2860 2215 2911 p.
2241 2845 2302 2904 ,2,
2358 2822 2591 2892 succur-⁸

421 2929 632 2978 rendum
670 2934 746 2977 est
781 2927 878 2976 hac
914 2937 1046 2977 arte:
1118 2922 1382 2995 Λειριόπην
1445 2924 1503 2977 ἐν
1561 2922 1823 2995 κυνηγίᾳ
1870 2923 2151 2994 βιάσασθαι.
2226 2918 2385 2989 Quae.
2407 2928 2563 2977 verbs

418 3012 754 3079 probabiliter
787 3012 1076 3077 conjectata
1130 3026 1250 3063 esse
1305 3028 1372 3061 ex
1406 3013 1467 3061 iis
1503 3012 1803 3077 percipitur,
1843 3028 1973 3079 quae
2010 3013 2339 3079 exposuimus
2376 3011 2565 3061 Electt‘.

422 3094 543 3148 crit.
581 3115 630 3163 p.
668 3098 698 3148 3
736 3112 812 3161 sq.
850 3106 901 3147 et
936 3096 1108 3163 Symb.
1147 3096 1270 3150 crit.
1308 3096 1466 3149 Anth.
1509 3095 1689 3147 Graec.
1727 3094 1825 3146 ΙΙΙ.
1861 3113 1912 3163 p.
1952 3101 2033 3159 11,
2092 3106 2233 3148 recte
2281 3105 2335 3147 et
2368 3099 2555 3147 usitate

423 3184 522 3233 dici
581 3181 814 3248 exempla
871 3184 1134 3232 declarant
1167 3179 1480 3247 Apollodori
1539 3184 1599 3233 fr.
1654 3180 1766 3252 περὶ
1803 3176 1940 3233 θεῶν
1976 3200 2025 3249 p.
2066 3185 2199 3235 1053
2236 3199 2338 3251 sq.:
2412 3176 2468 3233 ὃν
2506 3179 2567 3232 ἐν

423 3265 679 3338 κυνηγίᾳ
715 3262 1048 3337 διαφθαρῆναι
1085 3294 1148 3303 --
1186 3264 1317 3335 λέγει
1372 3274 1423 3316 et
1473 3264 1736 3318 Parthenii
1775 3267 2035 3319 XXXIII.
2072 3286 2123 3337 p.
2161 3269 2278 3329 334,
2318 3269 2410 3318 13:
2479 3264 2565 3327 τὸν

426 3352 516 3423 μὲν
549 3344 789 3404 Φίλοττον
827 3350 886 3402 ἐν
919 3350 1179 3423 κυνηγίᾳ
1214 3348 1581 3423 ὃιαφθαρῆναι;’
1609 3370 1725 3403 nam
1763 3355 1850 3403 alii
1886 3356 1937 3404 in
1976 3355 2152 3403 cadem
2188 3369 2241 3403 re
2278 3362 2563 3419 posuerunt

426 3455 578 3491 voces
631 3435 680 3489 ἐν
733 3436 1022 3507 κυνηγεσίῳ,
1075 3436 1335 3509 κυνηγεσίᾳ
1388 3438 1453 3490 cf.
1491 3438 1601 3489 Sin.
1644 3437 1766 3490 VII.
1807 3442 1833 3489 1
1873 3448 1981 3491 not.
2018 3440 2083 3489 37
2136 3456 2187 3507 p.
2226 3440 2340 3489 132.
2413 3438 2557 3503 Ergo

429 3526 493 3576 ad
531 3524 778 3589 liquidum
815 3526 1114 3591 perduxisse
1151 3527 1380 3575 videmur
1417 3525 1482 3574 ab
1519 3523 1707 3575 Ovidio
1744 3526 1985 3594 scriptum
2021 3524 2181 3579 fuisse
2216 3524 2341 3575 hoc:

946 3653 1177 3704 Pallidus
1213 3655 1266 3703 in
1302 3654 1450 3704 Liro
1489 3654 1629 3704 silvis
1664 3655 1867 3704 errabat
1904 3652 2081 3709 Orion,

431 3776 592 3847 Cujus
628 3782 866 3833 vocabuli
904 3784 1073 3833 exitus
1111 3783 1331 3833 librariis
1367 3791 1538 3833 tantae
1572 3783 1670 3833 fuit
1704 3784 2045 3844 admirationi,
2081 3790 2139 3831 ut
2172 3782 2225 3832 in
2263 3781 2365 3831 alia
2385 3784 2571 3842 omnis,

434 3883 565 3931 quae
602 3883 758 3933 supra
791 3869 1150 3930 recensuimus,
1189 3868 1530 3920 deflecterent.
1603 3868 1810 3920 Scilicet
1842 3870 1996 3919 iidem
2032 3868 2183 3921 Pont.
2222 3866 2322 3920 111.
2362 3868 2584 3938 1433·

433 3946 584 4009 'frist
621 3952 688 4005 V.
729 3956 808 4015 14,
843 3956 907 4004 41
969 3955 1077 4017 „nil
1115 3970 1243 4019 opus
1281 3964 1358 4005 est
1394 3954 1635 4005 morte“
1696 3955 1994 4019 consignare
2022 3936 2565 4019 ¹maluerunt,‘'quem

439 4038 541 4105 „nil
577 4054 706 4107 opus
743 4048 824 4090 est
859 4036 1135 4090 Clotho‘⁴
1170 4038 1252 4103 (ut
1285 4040 1338 4089 in
1374 4038 1587 4092 Emend.
1624 4038 1783 4105 Prop.
1822 4038 1917 4094 IV.
1953 4041 1987 4090 4
2022 4039 2253 4105 pluribus
2291 4040 2579 4104 evincetur)

433 4140 601 4192 neque
654 4126 709 4174 in
759 4122 1014 4191 Propertii
1068 4127 1185 4176 loco
1239 4124 1309 4177 11.
1347 4126 1428 4185 23,
1467 4127 1553 4177 19:
1626 4134 1715 4187 „ut
1769 4134 1847 4180 est
1898 4126 2191 4191 deperditus
2227 4125 2262 4177 J
2276 4126 2349 4174 o“
2409 4124 2567 4176 defuit

436 4210 617 4267 (DorV.
653 4206 805 4275 sec),
843 4212 930 4277 qui
965 4198 1358 4277 praeferendum
1395 4219 1601 4276 putaret
1636 4211 1768 4263 Jos.
1839 4209 2038 4261 Verum
2073 4212 2170 4261 hoc
2208 4210 2427 4275 amplius
2466 4224 2585 4259 cen-

435 4312 603 4347 semus
639 4296 692 4346 in
730 4311 845 4347 eum
869 4297 1056 4357 locum,
1077 4297 1131 4347 in
1159 4311 1260 4361 quo
1285 4298 1489 4361 penitus
1514 4311 1621 4347 vox
1655 4297 1833 4346 lenta
1866 4298 2073 4356 insedit,
2103 4312 2259 4363 quum
2286 4304 2339 4348 et
2362 4297 2573 4345 inertem

436 4398 548 4433 eam
585 4392 741 4446 atque
777 4382 907 4431 adeo
943 4384 1141 4432 inanem
1180 4396 1290 4432 esse
1327 4383 1552 4431 declaret
1585 4384 1752 4449 ipsum
1788 4382 1948 4433 illud:
2008 4383 2301 4450 pallidus
2363 4389 2414 4429 et
2466 4394 2579 4431 sen·

440 4470 623 4518 tentiae
659 4468 843 4518 veritas
897 4468 950 4517 id
987 4470 1228 4533 requirat,
1286 4470 1422 4531 qnod
1471 4468 1624 4532 plane
1662 4470 1972 4533 respondeat
2006 4467 2081 4517 illi
2118 4469 2278 4532 part-i:
2350 4466 2585 4515 Pallidus

2082 4549 2182 4603 16*
