3234 4967
1298 382 1525 435 Adnue.
1572 381 1656 432 70.
2419 376 2544 440 113

398 590 619 681 (Anal.
654 590 850 677 Prop.
883 588 1025 655 Vn.
1056 610 1117 675 p.
1154 586 1241 651 46
1276 586 1437 675 sq.):
1488 584 1854 652 Stamina
1898 580 2240 647 Pleiadum
2271 606 2542 651 numero

399 696 917 779 deduxerat,“
948 702 1023 759 ut
1051 694 1293 779 Progn.
1327 692 1445 757 52:
1480 690 1605 757 hoc
1637 712 1722 755 ex
1753 690 1931 754 fonte
1963 687 2148 753 velut
2195 688 2546 755 deduxit

396 812 695 889 tempora
736 800 963 865 Lunae
1010 798 1317 863 Navita.“
1386 796 1697 863 Ceterum
1745 818 1785 860 a
1815 795 2166 861 Claudiani
2211 794 2354 861 loco
2393 819 2540 884 pro·

396 908 647 973 ficimus
694 906 781 971 ad
826 904 1005 992 Sym
1022 926 1117 993 po
1134 906 1231 969 sii
1286 925 1515 969 versus
1574 903 1878 989 Aenigm.
1935 903 2002 967 1:
2071 902 2219 967 Hoc
2283 924 2542 991 quoque

399 1014 781 1101 Symposius
810 1012 904 1077 de
950 1012 1299 1077 carmine
1346 1010 1499 1075 lusit
1526 1009 1796 1097 inepto“
1848 1018 1914 1073 et
1965 1008 2074 1074 15:
2125 1009 2266 1097 Hos
2307 1032 2545 1075 versus

399 1121 527 1185 feci
557 1118 773 1185 subito
822 1117 914 1182 de
962 1117 1316 1183 carmine
1364 1117 1589 1181 vocis“
1638 1126 1788 1204 post
1815 1118 2170 1181 maximam
2202 1117 2543 1183 doctorum

400 1226 733 1291 hominum
762 1223 1230 1290 dissensionem
1262 1222 1385 1288 hac
1416 1231 1556 1287 arte
1589 1222 2065 1288 restituendos:
2101 1226 2547 1289 tentamine

400 1333 552 1399 lusit
596 1334 837 1419 inepto..
887 1368 977 1379 —-
1023 1329 1238 1395 subito
1285 1329 1720 1394 tentamine
1769 1330 2018 1393 vociS.“

576 1438 759 1524 Ergo
806 1436 1209 1501 intellectum
1280 1443 1379 1501 est
1440 1436 1509 1499 in
1570 1433 1997 1523 percipienda
2054 1445 2121 1500 et
2177 1436 2550 1502 definienda

400 1544 593 1609 Statii
640 1545 964 1609 sententia
992 1543 1251 1629 longius
1298 1566 1339 1607 a
1383 1544 1541 1607 vero
1574 1540 1913 1607 aberrasse
1959 1552 2025 1606 et
2073 1564 2206 1627 eos,
2256 1544 2366 1631 qui
2399 1544 2548 1609 huic

403 1648 671 1736 eclogae
701 1647 1236 1737 interpretandae
1284 1670 1552 1736 operam
1596 1646 1940 1731 dederunt,
1991 1658 2057 1713 et
2087 1649 2548 1737 Dempsterum

401 1754 445 1819 l.
516 1755 579 1820 d.
652 1765 719 1821 et
762 1754 1180 1819 Bernartium
1238 1754 1445 1819 Theb.
1504 1754 1551 1817 l.
1600 1754 1688 1817 60
1744 1776 1807 1841 p.
1855 1754 1917 1817 8.
1964 1754 2044 1818 B.
2093 1754 2550 1843 Handiumque

404 1860 562 1927 Silv.
609 1862 665 1926 I.
714 1863 777 1945 2,
831 1860 955 1925 109
1001 1883 1067 1947 p.
1117 1858 1267 1925 245.
1314 1860 1460 1925 Hoc
1508 1859 1680 1923 enim
1727 1868 2058 1947 sequutus,
2117 1870 2190 1925 ut
2234 1862 2552 1927 infantem

402 1990 534 2032 non
582 1966 667 2031 de
712 1966 953 2031 Pharia
997 1986 1217 2053 puppe
1265 1974 1573 2052 emptum,
1635 1964 1754 2030 sed
1799 1965 1974 2031 domi
2020 1978 2246 2032 natum
2293 1967 2553 2033 demon-

406 2082 662 2156 straret,
710 2072 1009 2137 versibus
1042 2070 1305 2136 69—-73
1336 2072 1466 2137 tria
1494 2069 1638 2137 illa:
1688 2080 1923 2154 ortum,
1971 2073 2226 2157 fascias,
2260 2076 2551 2159 vagitum

406 2178 783 2266 complexus
814 2188 932 2262 est,
964 2199 1131 2265 quae
1162 2178 1275 2265 qui
1306 2200 1375 2243 se
1400 2177 1644 2243 vidisse
1678 2186 1972 2260 testatur,
2004 2179 2061 2242 is
2092 2200 2247 2244 vere
2278 2202 2553 2265 puerum

405 2285 747 2373 praedicat
792 2308 979 2350 suum
1027 2306 1167 2349 esse
1216 2306 1279 2349 v.
1329 2285 1447 2349 69:
1492 2285 1746 2367 Meus,
1811 2282 1954 2349 ille
2001 2290 2284 2349 meus“
2353 2286 2551 2377 (quae

341 2460 348 2467 ,
408 2393 960 2481 comparationem
992 2390 1277 2478 aliquam
1306 2390 1551 2457 habent
1596 2412 1744 2455 cum
1794 2388 2028 2455 Achill.
2075 2391 2130 2456 Ι.
2179 2390 2345 2457 528:
2395 2394 2552 2481 quid

409 2498 675 2565 aufers?
720 2498 869 2564 Non
900 2498 1145 2585 patiar:
1193 2519 1443 2580 meus,
1479 2498 1631 2561 iste
1661 2502 1938 2562 meus“
1975 2497 2057 2561 cf.
2091 2497 2273 2563 Cort.
2305 2496 2550 2565 Lucan.

408 2604 519 2669 VI.
571 2605 695 2670 717
745 2627 811 2691 p.
864 2606 1009 2672 123.
1072 2603 1279 2669 Theb.
1342 2602 1421 2671 V.
1486 2604 1649 2673 239:
1709 2626 1919 2669 meus
1973 2604 2082 2669 ille
2140 2604 2378 2669 Thoas,
2440 2606 2552 2671 xl.

410 2710 571 2775 611:
650 2707 969 2777 Crudeles
1044 2710 1521 2797 nimiumque
1596 2710 1747 2773 mei
1763 2715 1838 2793 ,“
1916 2710 2092 2799 quod
2166 2712 2552 2800 perstrinxit

406 2815 788 2881 Dresemius
832 2815 973 2881 Jos.
1020 2814 1245 2881 Jscan.
1294 2814 1368 2879 ΙΙ.
1419 2816 1505 2879 22
1551 2838 1615 2903 Ρ.
1665 2816 1770 2881 33.
1819 2816 1908 2881 X.
1955 2817 2120 2882 369:
2177 2814 2298 2882 Ille
2345 2827 2551 2903 tuus,
2667 2798 2670 2801 ,

410 2922 687 3005 Diana,·
729 2944 931 3008 puer
974 2960 1065 2971 --
1110 2922 1533 3005 Quaeritur.“
1601 2920 1764 2989 Silv.
1809 2922 1875 2988 ll.
1925 2922 1986 3006 6,
2041 2922 2154 2989 15:
2226 2924 2552 2989 hominem

413 3030 619 3115 gemis
651 3066 739 3082 «-
768 3028 1181 3111 hominem,
1226 3026 1429 3111 Urse,
1476 3032 1760 3093 tuum.“
1841 3027 1988 3093 Val.
2035 3028 2252 3095 Flacc.
2300 3029 2342 3095 l.
2393 3032 2553 3097 750:

414 3134 479 3217 J,
524 3156 741 3201 meus
796 3138 934 3199 es.“
989 3134 1219 3199 Heins.
1290 3132 1487 3199 ovid.
1561 3134 1722 3200 Met.
1791 3134 1912 3200 IV.
1971 3135 2100 3200 356
2161 3160 2226 3224 p.
2289 3138 2415 3202 271
2489 3147 2556 3204 et

416 3240 589 3306 Adv.
635 3240 701 3307 ll.
756 3240 819 3306 6.
878 3264 944 3329 p.
1002 3238 1185 3329 253).
1301 3240 1429 3305 Hic
1496 3262 1657 3307 vero
1727 3240 1857 3307 alia
1925 3241 2169 3308 dilucet
2237 3244 2415 3309 fraus
2485 3254 2554 3309 et

418 3368 671 3431 eorum,
742 3348 855 3435 qui
909 3346 1113 3413 filium
1172 3348 1393 3431 Statii,
1461 3370 1593 3413 non
1655 3370 1924 3414 vernam
1993 3344 2334 3436 infantem'
2375 3348 2554 3415 illum

415 3452 615 3518 fuisse
662 3451 814 3519 olim
860 3453 1308 3536 crediderunt,
1358 3462 1425 3519 et
1471 3452 1809 3520 doctorum
1855 3454 2216 3539 hominum,
2280 3479 2554 3544 quorum

414 3580 766 3625 consensus
810 3560 1135 3626 incautius
1164 3558 1441 3625 Barthio
1488 3558 1886 3646 suffragatur
1932 3559 2026 3625 illi
2073 3562 2332 3649 quidem
2379 3561 2556 3627 nulla

413 3687 643 3730 versus
687 3666 985 3754 proxime
1034 3666 1361 3732 inferioris
1412 3665 1495 3731 73
1541 3668 1796 3731 ratione
1860 3666 2088 3733 habita
2145 3668 2379 3734 verba:
2440 3670 2556 3733 in-

416 3772 635 3836 serui
680 3772 903 3837 vitae
950 3772 1019 3835 in
1062 3770 1232 3837 hanc
1279 3772 1670 3838 sententiam
1731 3774 2158 3860 interpretato
2205 3774 2555 3840 Animadv.

414 3898 475 3963 p.
525 3876 689 3944 508:
736 3874 964 3961 „velut
995 3878 1411 3965 peregrinum
1457 3879 1771 3944 inserui
1817 3880 2214 3945 civitati.“
2259 3880 2554 3947 Evidens

416 3992 516 4047 est
539 3984 732 4050 enim
778 3981 955 4047 idem
1001 4007 1042 4048 a
1084 3983 1294 4049 Statio
1338 4008 1403 4049 v.
1453 3984 1718 4050 69-72
1775 3996 2110 4051 narratum
2145 4008 2299 4051 esse
2359 3997 2555 4077 atque

417 4088 501 4153 ab
569 4088 931 4155 Heliodoro
998 4088 1065 4155 ll·
1136 4112 1200 4177 p·
1264 4090 1391 4154 118
1472 4093 1727 4193 ταύτην
1797 4098 1842 4192 ἡ
1905 4096 2041 4187 μὲν
2111 4102 2410 4169 τεκοῦσα
2482 4097 2558 4169 ἐν

416 4198 894 4291 σπαργάνοις
936 4197 1293 4287 ἐξέθετο,
1342 4197 1497 4290 ἐγὼ
1534 4198 1621 4269 δὲ
1654 4199 2069 4293 προστυχὼν
2106 4198 2550 4297 ἀνειλόμην.

417 4295 743 4361 Wetsten.
802 4299 951 4365 Act.
1008 4298 1239 4387 Apost.
1298 4296 1427 4363 Vll.
1486 4298 1567 4362 21
1642 4321 1706 4386 p.
1775 4296 1926 4361 497.
2021 4298 2324 4365 Wernsd.
2384 4300 2556 4363 Him.

416 4400 562 4467 Ecl.
608 4402 729 4468 IV.
776 4428 840 4491 p.
888 4405 971 4469 99
1020 4406 1101 4469 cf.
1150 4403 1322 4469 Him.
1374 4401 1490 4469 Or.
1538 4403 1720 4468 ΧΙΙΙ.
1767 4426 1832 4490 Ρ.
1892 4404 2055 4468 602:
2122 4404 2198 4479 αἳ
2243 4407 2361 4479 χαὶ
2413 4430 2560 4503 τεχ-

730 4511 855 4565 Stat.
894 4511 1074 4578 Eclog.
2119 4510 2153 4565 8
