3234 4967
641 342 721 407 6‘2
1506 345 1739 398 Adnol.
1780 346 1874 397 38.

640 548 792 633 269,
825 548 930 613 cui
977 548 1059 614 de
1103 548 1338 637 pandis
1371 548 1697 637 delphinis
1731 547 1890 615 silv.
1924 548 1989 615 ll.
2026 550 2088 632 2,
2129 551 2249 615 121
2296 551 2534 619 merito
2580 572 2795 620 assen-

643 676 784 719 sum
824 676 957 720 non
1001 654 1307 743 praebuit
1338 654 1801 743 Burmannus),
1835 676 1941 720 res
1985 653 2295 721 blanda
2334 658 2417 721 it:
2458 678 2794 745 respon-

643 758 790 843 dit,
823 780 1114 847 poena:
1148 759 1428 849 plena,
1460 751 1901 849 Mmydybe
1924 759 2252 850 (Conject.
2280 761 2423 850 Vl),
2448 760 2597 847 alia,
2625 785 2793 851 quae

639 887 811 930 nunc
856 875 1232 954 praetere03
1281 889 1433 931 nam
1481 868 1562 932 de
1610 876 1889 954 utroque
1922 888 2145 931 errore
2176 863 2549 954 plenissime
2599 867 2797 941 disse·

641 970 831 1037 rendi
877 972 1074 1059 copia
1116 972 1232 1037 fiet
1277 973 1346 1038 in
1390 971 1721 1039 Emendd.
1769 972 1966 1061 Prop.
1999 970 2107 1037 Vl.
2154 974 2217 1057 2,
2266 972 2373 1039 hic
2419 982 2637 1039 autem
2687 976 2797 1041 ad-

637 1088 900 1145 notasse
958 1080 1200 1149 attinet
1251 1079 1697 1165 Frisingensis
1757 1078 1909 1146 libri
1974 1081 2362 1168 scripturam
2420 1078 2630 1148 Theb.
2678 1080 2793 1147 Xl.

646 1185 804 1255 1032
874 1184 1351 1276 planamque
1423 1194 1697 1275 precatu
1770 1183 2207 1271 Antigonen“
2280 1195 2348 1250 et
2425 1184 2563 1253 ΧΗ.
2630 1186 2793 1253 246:

640 1289 826 1379 plan
840 1290 926 1357 da
969 1289 1258 1360 laboris“
1293 1300 1372 1365 ,et
1434 1292 1765 1359 Lactantii
1810 1290 2069 1358 Monac.
2128 1291 2186 1357 B
2245 1290 2453 1358 Theb.
2500 1292 2577 1359 ΙΙ.
2634 1291 2793 1358 665:

641 1393 864 1463 belles
915 1395 1290 1481 damarum,
1339 1418 1508 1487 quae
1563 1386 1885 1487 νεβρίόες
1948 1396 2332 1464 dicuntur.“
2446 1396 2789 1481 Quomodo

639 1502 841 1589 igitur
884 1502 1144 1591 pando
1191 1504 1259 1569 in
1303 1502 1606 1571 blando
1657 1514 1725 1571 et
1767 1504 1874 1569 hic
1922 1514 2027 1589 et,¹
2066 1513 2141 1569 ut
2186 1526 2305 1569 suo
2347 1502 2498 1570 loco
2546 1501 2789 1570 obtine-

641 1608 873 1701 bimus,
906 1631 970 1674 v.
1005 1608 1090 1677 83
1123 1608 1649 1701 degeneraverit,
1683 1610 1901 1697 vides3
1950 1610 2291 1698 quaerenti
2330 1619 2567 1693 autem,
2600 1631 2791 1697 quam

639 1710 973 1783 habuerit.
1016 1716 1214 1787 etiam
1289 1714 1523 1783 melior
1603 1716 2178 1803 grammaticorum
2256 1739 2411 1805 pars
2492 1737 2791 1783 caussam

638 1819 876 1910 pando
936 1821 1189 1908 potius,
1247 1843 1439 1909 quam
1495 1822 1718 1909 pandi
1776 1820 2133 1907 scribendi,
2178 1821 2304 1907 hoc
2350 1823 2789 1910 suggerimus:

641 1925 860 2013 pandi
929 1926 1144 1992 visum
1219 1916 1548 1994 nonnullis
1628 1927 1829 1995 fuisse
1899 1926 2077 1993 nullo
2148 1927 2449 2017 exemplo
2520 1928 2790 1995 dictum.

643 2030 868 2106 Sciunt
921 2053 1080 2098 vero
1151 2031 1223 2098 id
1283 2043 1671 2121 usurpatum
1741 2032 2078 2119 Charisius
2136 2036 2243 2101 ΙΙΙ.
2300 2058 2366 2123 Ρ.
2430 2034 2592 2119 246,
2667 2035 2785 2101 15:

641 2160 861 2223 „nona
928 2138 1140 2204 forma
1207 2146 1336 2221 est,
1401 2160 1567 2227 quae
1625 2138 1987 2227 perfectum
2046 2140 2205 2205 facit
2260 2139 2589 2207 secundae
2650 2162 2792 2229 per-

645 2266 842 2311 sonae
915 2243 1183 2333 dempta
1242 2267 1273 2311 s
1337 2243 1560 2311 littera
1636 2243 1819 2327 velut
1893 2245 2132 2319 mando
2209 2246 2467 2314 mandis
2546 2246 2790 2331 mandi,

641 2350 861 2449 pando
917 2350 1153 2440 pandis
1213 2348 1520 2439 pandi“
1571 2360 1640 2417 et
1690 2332 2063 2423 Priscianus
2117 2350 2349 2419 Partit.
2406 2350 2543 2435 ΧΠ.
2600 2352 2792 2422 Vers.

641 2458 810 2555 Aen.
843 2457 932 2523 X.
955 2481 1020 2546 p.
1045 2455 1197 2541 504,
1235 2456 1348 2527 15:
1373 2456 1751 2547 pandebam
1778 2457 2023 2547 pandi
2052 2458 2413 2547 pandoram
2435 2456 2790 2547 pandamf·

817 2562 951 2631 Sed
997 2584 1127 2653 quo
1175 2554 1546 2653 distinctior
1603 2560 1912 2648 duarum,
1960 2564 2197 2653 quibus
2242 2566 2425 2654 prior
2470 2566 2796 2631 sententia

644 2670 1037 2754 continetur,
1083 2670 1370 2759 partium
1401 2646 1519 2738 fiat
1560 2668 1939 2759 descriptio,
1988 2668 2113 2736 hoc
2144 2670 2425 2759 amplius
2459 2692 2693 2739 censeo
2722 2668 2795 2740 id

643 2774 1066 2860 vocabulum,
1114 2797 1246 2865 quo
1292 2773 1543 2843 nullum
1565 2846 1568 2851 ,
1587 2775 1659 2841 in
1702 2774 1827 2842 hoc
1874 2777 2163 2843 carmine
2212 2776 2505 2843 crebrius
2551 2786 2653 2844 est
2698 2776 2793 2867 (v.

644 2884 754 2951 43.
799 2880 942 2971 49.)
989 2880 1220 2947 eadem
1268 2878 1501 2950 fraude
1549 2889 1745 2973 atque
1792 2883 1863 2947 in
1908 2881 2208 2949 versibus
2254 2869 2362 2950 53.
2397 2883 2504 2949 65.
2553 2884 2641 2949 82
2686 2882 2795 2949 hic

643 2976 961 3057 insedisse
1005 2996 1327 3055 summoto
1371 2986 1634 3055 nomine
1678 2989 1964 3057 maxime
2009 2989 2226 3057 vicino
2273 2989 2529 3079 (Sidon.
2573 2988 2795 3077 Apoll.

647 3097 723 3162 11.
771 3095 904 3161 312
915 3118 932 3163 z
985 3093 1086 3163 bis
1147 3102 1423 3181 septena
1467 3113 1699 3162 sonare
1748 3092 2107 3162 Vulnera
2152 3095 2591 3180 Tantalidum,
2640 3117 2796 3185 quo-

646 3223 793 3269 rum
835 3198 990 3268 tibi
1032 3200 1320 3267 funera
1364 3206 1591 3265 servat
1638 3198 1957 3267 Cantus.“
2015 3198 2148 3268 Vll.
2196 3201 2356 3269 536:
2403 3204 2661 3290 patriae
2706 3240 2795 3251 -—-

645 3306 982 3375 vulnera
1009 3344 1100 3356 -·-·
1126 3304 1425 3371 funera
1467 3302 1791 3397 mundi.“)
1840 3306 2155 3391 funera,
2187 3306 2259 3373 id
2289 3307 2469 3396 quod
2501 3308 2797 3397 plurimis

648 3416 718 3479 in
761 3411 922 3480 Iocis
969 3410 1284 3479 accidisse
1331 3420 1661 3478 testantur
1704 3410 2137 3479 Marklandus
2185 3412 2365 3483 V.1.
2418 3414 2499 3480 18
2546 3437 2613 3503 p.
2645 3414 2797 3483 343.

647 3517 1230 3598 Drakenborchius
1289 3515 1509 3585 Sil.1.
1557 3517 1687 3583 399
1734 3540 1799 3605 Ρ.
1849 3516 1952 3584 35.
2044 3517 2461 3588 Burmannus
2522 3519 2797 3603 Quintil.

649 3622 1165 3719 D901.X11.26
1210 3648 1277 3714 p.
1326 3624 1456 3691 268
1515 3608 1583 3689 et
1639 3622 1984 3692 Claudian.
2029 3625 2183 3691 Ruf.
2230 3626 2308 3691 ll.
2355 3627 2485 3693 416
2527 3650 2598 3716 Ρ.
2651 3628 2797 3699 100,

649 3704 732 3799 cf.
777 3732 1002 3799 Burm.
1032 3729 1238 3797 Anth.
1265 3730 1416 3797 Lat.
1461 3730 1518 3795 I.
1565 3729 1714 3814 178,
1762 3729 1897 3795 444
1940 3753 2006 3818 Ρ.
2058 3730 2207 3797 185.
2252 3732 2453 3801 Koot.
2498 3732 2571 3801 ll.
2603 3733 2799 3802 Hom.

649 3840 832 3929 Epit.
883 3837 1053 3905 1043
1098 3861 1165 3927 Ρ.
1215 3834 1368 3921 315,
1416 3836 1556 3925 ipse
1615 3835 1929 3905 confirmo
1976 3836 2079 3909 his
2126 3838 2471 3929 exemplis.
2530 3838 2620 3905 lll.
2672 3840 2799 3907 163

651 3948 950 4031 funera.
1037 3944 1186 4011 Put.
1246 3942 1610 4009 vulnera.
1660 3942 1768 4010 Vl.
1820 3942 1947 4009 175
2002 3944 2341 4011 vulnere
2398 3944 2800 4034 juste..cod.

655 4053 879 4141 optim.
924 4049 1156 4117 Barth.
1201 4050 1508 4118 funere.
1557 4048 1696 4115 Xll.
1744 4050 1909 4116 383:
1952 4046 2117 4117 ‘mea
2172 4051 2463 4118 funera
2520 4051 2799 4141 plangis.

653 4158 942 4247 Frising.
973 4156 1334 4225 vulnera.
1373 4155 1532 4223 silv.
1565 4157 1651 4224 V.
1688 4158 1747 4241 1,
1786 4157 1865 4223 18
1900 4154 2227 4248 (Conject.
2259 4158 2347 4223 X
2360 4162 2435 4237 1).
2481 4159 2677 4247 Prop.
2710 4157 2800 4223 lll.

653 4268 717 4350 9,
763 4266 849 4331 37
904 4266 1111 4331 issent
1161 4304 1251 4315 --
1305 4262 1538 4329 melius
1591 4263 1715 4331 tibi
1768 4264 2085 4331 funera.
2142 4262 2391 4331 Askev.
2452 4264 2799 4331 vulnera.

654 4372 846 4464 Virg.
878 4370 1046 4439 Aen.
1079 4369 1142 4437 ll.
1177 4344 1338 4437 539·
1385 4371 1635 4461 patrios
1680 4369 1962 4439 foedasti
2008 4370 2294 4440 funere
2327 4370 2564 4441 vult-us.
2630 4372 2793 4441 Ven-
