3234 4967
619 411 701 474 36
871 455 878 460 -
1523 415 1747 468 Adnot.
1788 417 1879 468 24.

793 617 944 683 Jam
1005 641 1164 684 vero
1224 618 1593 684 faciendum
1652 630 1785 704 est,
1845 631 1919 687 ut
1974 621 2271 688 deleatur
2329 623 2443 689 illa
2486 615 2763 709 macula,

617 747 744 810 qua
789 724 1060 789 affectus
1105 723 1287 790 locus
1335 727 1492 790 satis
1536 727 1761 792 mirari
1804 749 2059 814 nequeo
2108 728 2283 816 quod
2328 731 2610 795 omnium
2656 731 2765 797 ad-

615 828 742 893 huc
789 829 1020 915 effugit
1068 830 1510 896 offensionem.
1607 832 1787 914 Quid
1834 835 2004 898 enim
2062 834 2184 900 hac
2242 838 2564 902 oratione:
2627 838 2765 920 „si-

616 945 886 1022 gnatum
953 935 1114 1002 flore
1174 939 1576 1024 juventae
1646 937 1975 1004 Immersit
2044 931 2246 1004 cineri
2317 943 2767 1029 juvenem“

619 1040 935 1107 alienius?
997 1042 1153 1131 quid
1201 1042 1505 1108 foedius?
1578 1043 1797 1126 Quare
1847 1068 1966 1131 pro
2013 1068 2171 1111 vero
2228 1047 2483 1112 affirmo
2528 1049 2764 1136 jube·

616 1171 790 1214 nem
860 1146 1083 1236 (Valg.
1145 1173 1209 1236 p.
1268 1149 1393 1214 271
1459 1148 1584 1238 sq.)
1654 1149 1930 1216 fortasse
2002 1151 2121 1216 sub
2192 1153 2492 1240 exemplo
2563 1156 2764 1242 ipsius

617 1255 810 1320 Statii
857 1252 1014 1322 Silv.
1063 1255 1147 1320 V.
1200 1257 1256 1338 1,
1307 1255 1465 1320 218:
1527 1255 1713 1338 „Ceu
1758 1259 2115 1346 juvenes
2176 1270 2412 1324 natos
2460 1284 2763 1348 suprema

615 1361 704 1426 ad
776 1361 966 1426 busta
1041 1361 1418 1426 ferentem“
1507 1363 1750 1426 factum
1827 1387 1989 1447 csse,
2070 1364 2244 1452 quod
2322 1375 2471 1430 ante
2549 1367 2765 1433 fuerat

619 1466 1016 1552 subolem,
1074 1477 1148 1532 ut
1192 1467 1306 1565 IV5
1367 1469 1429 1551 8,
1489 1469 1563 1533 4:
1626 1492 1832 1555 genus
1897 1493 2047 1536 ecce
2105 1471 2507 1536 Menecratis
2568 1485 2768 1560 auget

617 1576 844 1642 Tertia
877 1577 1019 1664 jam
1065 1573 1467 1641 suboles.“
1555 1575 1772 1663 Atque
1832 1577 1956 1641 hoc
2016 1577 2277 1664 quidem
2336 1576 2610 1643 alterum
2670 1585 2767 1644 est

618 1700 912 1748 errorum
959 1703 1189 1768 genus,
1240 1703 1368 1768 quo
1426 1702 1572 1744 cum
1633 1680 1836 1746 multa
1881 1693 2329 1769 provenerunt
2377 1684 2558 1766 vitia,
2629 1693 2765 1749 tum

616 1789 876 1877 penitus
925 1790 1067 1876 jam
1112 1788 1354 1852 insedit
1398 1786 1677 1853 luctus
1722 1812 1843 1875 pro
1892 1812 2279 1854 numeros
2324 1771 2387 1855 xi.
2438 1791 2542 1873 25,
2593 1791 2767 1856 lau-

617 1893 810 1960 dare
867 1916 988 1981 pro
1048 1891 1334 1958 laxare
1389 1893 1494 1977 34,
1543 1904 1904 1958 moestus
1950 1918 2071 1983 pro
2118 1898 2404 1961 mortis
2454 1906 2519 1961 et
2564 1919 2766 1960 mer-

617 2023 747 2064 sus
791 1999 900 2064 46.
949 1999 1055 2083 52,
1103 2000 1481 2064 miserum
1529 2021 1649 2086 pro
1699 2021 2049 2064 mersum
2097 2001 2202 2084 34,
2250 2001 2597 2066 vulnera
2642 2025 2763 2089 pro

617 2107 948 2194 viscera
1002 2105 1108 2188 65,
1180 2105 1591 2170 Thracius
1661 2127 1783 2192 pro
1841 2107 2151 2171 tersius
2210 2107 2331 2190 54,
2401 2105 2797 2172 blandus·

529 2253 537 2260 ·
614 2235 734 2300 pro
781 2211 1032 2300 pandi
1079 2211 1187 2278 38.
1221 2212 1328 2278 84.
1377 2213 1705 2300 quisnam
1753 2221 2014 2277 autem
2059 2236 2179 2300 pro
2230 2214 2407 2300 quis
2453 2213 2768 2281 minuat

615 2317 732 2385 58.
799 2341 838 2385 o
895 2301 1227 2382 nimium
1285 2340 1406 2404 pro
1465 2325 1693 2383 more'
1736 2317 2143 2382 hominum
2215 2318 2319 2384 59.
2392 2320 2766 2384 nimirum

618 2446 786 2490 cum
855 2447 975 2512 pro
1034 2426 1198 2512 jam
1254 2433 1613 2490 mussant
1668 2423 1777 2490 46.
1849 2424 2095 2489 ullum
2167 2447 2287 2512 pro
2362 2447 2588 2489 omen
2660 2424 2765 2488 76.
2830 2447 2837 2454 ·

616 2532 836 2619 ipsos
881 2553 1002 2619 pro
1051 2541 1282 2596 aestu
1329 2531 1432 2596 77.
1491 2531 1728 2596 amici
1771 2553 1892 2620 pro
1942 2521 2074 2616 agi
2118 2553 2279 2595 rem
2328 2531 2433 2596 43.
2482 2539 2769 2596 nostra

613 2658 734 2724 pro
783 2659 1034 2724 nosco
1083 2659 1223 2702 ora
1268 2637 1355 2703 46
1402 2637 1508 2704 vel
1553 2660 1831 2702 nosses
1882 2637 1984 2701 74.
2022 2635 2460 2724 (velenio
2510 2637 2627 2727 87)
2676 2646 2767 2702 at—

621 2765 746 2830 que
795 2743 964 2808 adeo
1012 2765 1132 2829 pro
1181 2743 1482 2808 dextra
1541 2742 1640 2833 (in
1684 2743 1944 2810 Veneta
1992 2742 2309 2832 editione)
2370 2768 2431 2808 v.
2484 2745 2589 2808 83.
2649 2767 2763 2830 ge-

615 2849 870 2913 nitum
916 2870 1036 2934 pro
1085 2851 1407 2934 genium
1454 2848 1561 2914 80.

791 2953 1130 3018 Postremo
1187 2975 1270 3017 ne
1315 2953 1439 3018 hoc
1497 2952 1759 3041 quidem
1813 2965 2221 3041 praeteream
2259 2957 2626 3042 jacentis
2675 2957 2765 3020 sic

619 3059 862 3124 dictum
919 3081 1083 3142 esse,
1151 3068 1226 3124 ut
1281 3058 1348 3126 ll.
1413 3060 1470 3141 1,
1532 3058 1648 3123 54:
1710 3082 1885 3141 „non
1939 3083 2114 3124 mors
2160 3059 2351 3139 ,lenta
2397 3064 2767 3148 jacentis

616 3164 871 3230 Exedit
915 3163 1166 3252 puerile
1215 3164 1482 3229 decus.“
1553 3164 1759 3229 Theb.
1790 3164 1904 3230 IX.
1940 3166 2003 3229 2.
2046 3165 2134 3230 Χ.
2182 3165 2244 3230 4.
2291 3167 2396 3230 28.
2444 3165 2578 3231 Xll.
2620 3169 2765 3235 120.

618 3272 744 3337 287
795 3272 876 3337 cf.
925 3272 1075 3337 332.
1123 3271 1276 3337 563.
1328 3271 1476 3336 716.
1529 3271 1677 3336 766.
1727 3271 1832 3334 Vl.
1888 3272 2031 3336 190.
2081 3271 2296 3338 Klotz.
2332 3273 2517 3359 Tyr&
2566 3273 2629 3338 ll.
2686 3277 2765 3340 19

616 3403 678 3466 p.
729 3379 834 3446 93.
884 3377 1141 3444 Staver.
1185 3377 1354 3467 Nep.
1403 3377 1727 3464 Thrasyb.
1775 3376 1840 3441 ll.
1892 3379 1931 3442 6
1978 3403 2043 3468 p.
2093 3379 2240 3443 265.

1569 3615 1652 3692 V.
1708 3614 1829 3694 24.

795 3801 982 3885 „Hic
1036 3793 1393 3866 'dictionem
1454 3804 1895 3887 suggessimus
1958 3801 2589 3892 111edit0r·;·‹2·‘quae
2663 3804 2767 3868 de-

619 3906 1031 3972 siderabatur
1078 3909 1146 3972 in
1195 3907 1492 3974 omnibus
1540 3907 1891 3990 codicibus,
1942 3909 2009 3972 in
2056 3909 2285 3996 quibus
2332 3912 2427 3974 ita
2472 3909 2575 3975 hic
2623 3908 2769 3975 γενέ
2886 3956 2915 3980 .

621 4036 727 4077 sus
785 4013 1086 4080 scribitur
1155 4015 1364 4101 spatio
1427 4017 1625 4079 etiam
1678 4013 1937 4080 relicto:
2012 4015 2161 4080 hoc
2222 4038 2527 4103 quoque
2603 4039 2767 4081 cum

619 4121 696 4182 in
744 4118 1086 4184 terdena
1133 4118 1311 4184 luce
1359 4125 1759 4207 peractaf‘
1824 4121 2008 4185 Haec
2053 4122 2399 4204 Domitius,
2449 4124 2559 4209 qui
2590 4124 2769 4210 quod

621 4225 946 4310 suggessit
989 4225 1522 4310 Lindenbrogius
1583 4236 1650 4290 et
1702 4226 2014 4291 Barthius
2063 4225 2582 4314 Duebnerusque
2642 4251 2771 4292 aln-

620 4329 798 4418 plexi
881 4341 1049 4396 sunt.
1162 4331 1251 4396 At
1338 4332 1616 4395 occurrit
1700 4331 2075 4398 Gronovius
2164 4333 2377 4397 Diatr.
2460 4357 2523 4422 p.
2604 4335 2767 4399 586:

621 4437 934 4518 „Laudet
994 4437 1160 4501 hanc
1220 4437 1544 4502 sinistram
1606 4439 2097 4524 benignitatem,
2176 4441 2284 4528 qui
2340 4439 2537 4505 volet.
2630 4441 2766 4504 Nos
