3234 4967
717 352 820 403 290

819 692 880 745 P.
919 694 1038 754 222,
1079 694 1159 743 52.

823 1310 888 1323 --
927 1286 1041 1345 228,
1084 1286 1162 1335 10.

833 1734 896 1744 —
935 1710 1050 1769 234,
1093 1712 1172 1762 11.

827 1819 891 1829 —
927 1794 1046 1853 244,
1084 1794 1166 1843 4ο.

831 1904 893 1913 -
931 1880 1046 1939 245,
1085 1878 1163 1929 23,

1137 2468 1183 2534 gy:

1138 2507 1178 2533 Ι,

1465 348 1797 413 corrigenda.
1866 349 2138 400 Addenda.

1198 517 1402 571 Pallad.
1438 518 1533 568 IX.
1573 522 1619 579 8,
1661 522 1710 570 2.
1783 522 1924 569 Lact.
1963 520 2123 569 Instit.
2164 519 2279 570 VH.
2322 523 2401 580 12,
2441 522 2528 571 23:
2571 522 2668 569 rivi
2704 518 2879 569 defi-

1197 607 1416 655 ciente
1454 620 1613 653 vena
1648 605 1805 654 fontis
1842 614 2165 655 arescunt.

1198 690 1344 751 Quae
1393 690 1592 739 litterae
1640 684 1931 739 memoriam
1976 690 2249 759 subjiciunt
2294 692 2534 757 Lysiae
2584 704 2626 741 c.
2664 688 2872 739 Philon.

1196 793 1246 841 p.
1286 776 1413 825 879:
1455 771 1526 843 φὴ
1565 771 1619 823 δὲ
1654 771 1739 823 καὶ
1775 774 1935 824 ταῦτα
1970 772 2055 824 καὶ
2093 772 2238 831 αὐτὸς
2273 774 2555 844 γενόμενος,
2604 789 2755 839 quem
2789 773 2875 822 10-

1199 874 1312 909 cum
1349 860 1534 910 rectius
1559 858 1811 925 Sauppio:
1849 858 1979 929 φημὶ
2016 858 2069 909 δὲ
2103 862 2266 910 ταῦτα
2300 858 2387 911 καὶ
2424 857 2571 915 αὐτὸς
2598 853 2875 926 παραγενό-

1197 960 1341 1011 μενος
1378 952 1428 993 ct
1463 944 1725 1009 Kayserot
1774 942 1920 1013 φήσει
1956 942 2009 994 δὲ
2045 946 2212 995 ταῦτα
2254 943 2403 1002 αὐτὸς
2440 942 2764 1019 ἐλεγχόμενος
2799 944 2881 994 vi-

1204 1031 1328 1079 deor
1383 1030 1571 1093 exiguo
1626 1036 1813 1079 conatu
1866 1032 2257 1081 reconcinnare:
2319 1028 2447 1101 φημὶ
2494 1028 2547 1081 δὲ
2593 1026 2879 1079 καὶταῦτα

1197 1112 1328 1163 ἐκεῖ
1372 1110 1518 1168 αὐτὸς
1561 1112 1847 1182 γενόμενος,
1906 1124 1965 1165 ut
2020 1112 2123 1166 ἐκεῖ
2158 1115 2413 1167 referatur
2450 1116 2615 1166 verbis
2650 1118 2754 1170 τοῖς
2786 1110 2878 1163 τὸν

1201 1191 1412 1267 Πειραιᾶ
1447 1196 1835 1265 καταλαβοῦσιν.
2480 1192 2485 1197 ’

1199 1282 1433 1347 Namque
1471 1292 1754 1349 monstrare
1789 1286 1887 1335 iter
1934 1286 2033 1335 dici
2080 1292 2253 1351 potest
2294 1286 2441 1348 luna,
2497 1300 2629 1349 quae
2679 1284 2880 1334 efful-

1203 1378 1379 1441 serat
1413 1370 1447 1421 i.
1485 1384 1526 1423 e.
1563 1370 1763 1433 fulgere
1801 1379 2061 1436 coeperat,
2098 1387 2201 1421 non
2236 1372 2375 1432 item,
2420 1386 2553 1434 quae
2589 1370 2881 1421 fulserat

1200 1455 1252 1503 id
1309 1462 1387 1505 est
1438 1454 1639 1518 fulgere
1693 1456 1927 1507 desierat.
2018 1455 2209 1507 Catull.
2268 1460 2323 1515 8,
2376 1458 2425 1509 3.
2492 1459 2546 1506 8:
2602 1455 2881 1505 Fulsere

1187 1539 1461 1603 quondam
1517 1541 1724 1589 candidi
1778 1540 1867 1589 tibi
1922 1540 2105 1591 soles“.
2187 1541 2376 1592 Omitto
2432 1542 2566 1591 enim
2620 1554 2731 1600 eos,
2787 1541 2880 1603 qui

1209 1625 1467 1673 dixerunt:
1490 1626 1651 1675 nubes
1677 1624 2049 1689 fulgescere
2072 1624 2315 1675 flammi
2334 1640 2383 1686 S,
2413 1624 2550 1675 Solis
2576 1625 2874 1678 radiatione.

1213 1706 1326 1759 Jao.
1363 1708 1483 1759 Del.
1521 1710 1699 1773 Epigr.
1738 1708 1887 1763 VIII.
1926 1712 2007 1770 39,
2046 1712 2077 1759 6
2108 1727 2162 1775 p.
2202 1712 2317 1760 275.

1206 1792 1385 1842 Heius,
1422 1793 1573 1843 Pont.
1613 1792 1655 1843 Ι.
1695 1796 1741 1853 8,
1780 1796 1845 1845 55
1881 1810 1931 1857 p.
1973 1796 2085 1844 734.

1205 1877 1378 1941 Apud.
1427 1876 1816 1927 Ammianum
1848 1879 2027 1931 ‘Mare
2080 1879 2202 1930 XV.
2253 1882 2340 1941 10,
2388 1882 2444 1931 5:
2504 1880 2757 1929 montanis
2792 1879 2885 1928 de-

1205 1960 1580 2031 fluentibus
1616 1960 1769 2010 rivis
1808 1961 2002 2013 eversi“
2042 1964 2096 2013 in
2131 1964 2291 2029 Epist.
2332 1964 2457 2015 Crit.
2496 1966 2561 2014 ad
2598 1964 2791 2029 Bergk.
2828 1981 2885 2029 p.

1208 2046 1238 2095 5
1287 2046 1441 2119 malui
1489 2046 1695 2095 ruinis
1740 2047 2029 2111 restituere,
2085 2064 2235 2113 quam
2285 2050 2421 2113 quod.
2465 2051 2518 2099 in
2556 2051 2735 2099 eadem
2771 2048 2881 2100 fere

1212 2132 1472 2181 sententia
1517 2132 1742 2197 positum
1788 2139 1841 2180 et
1884 2132 2031 2182 nobis
2068 2142 2386 2184 succurreret
2424 2142 2473 2183 et
2507 2136 2731 2199 Bergkio
2768 2134 2885 2199 pla-

1206 2218 1311 2266 cuit
1351 2218 1461 2281 jat'n
1506 2216 1659 2280 hujus
1704 2217 2035 2268 correctionis
2084 2220 2307 2271 auctori:
2362 2221 2403 2270 si
2454 2220 2653 2269 nivibus
2704 2221 2876 2285 operti

1206 2302 1453 2351 latuerint
1475 2302 1576 2353 vel
1602 2301 1857 2351 montanis
1882 2297 2217 2353 defluentibus
2242 2304 2493 2369 pruinis
2529 2304 2688 2354 eversi
2723 2305 2883 2365 sint,
2935 2286 2943 2293 ’

1213 2402 1282 2435 ca
1292 2402 1326 2435 u
1341 2392 1362 2435 t
1373 2400 1400 2435 e
1414 2400 1438 2435 s
1487 2384 1539 2447 [c
1553 2386 1685 2435 alle
1698 2402 1722 2435 s
1733 2383 1776 2450 ἓ]
1840 2414 1902 2423 -
1952 2386 2353 2452 pervaduntur“.
2417 2387 2519 2450 Qui
2542 2390 2678 2439 idem
2700 2388 2883 2440 XVII.

1209 2474 1238 2519 7
1251 2507 1265 2532 ‚
1324 2472 1356 2521 6
1411 2484 1585 2521 verum
1640 2472 1801 2521 credit
1858 2486 1970 2521 esse
2015 2470 2151 2523 hoc:
2206 2488 2229 2521 s
2242 2488 2269 2523 e
2281 2488 2348 2523 rv
2366 2488 2397 2522 a
2409 2474 2442 2523 b
2456 2481 2561 2523 ant
2611 2473 2883 2535 intactos“‚

1208 2555 1372 2620 (quod
1429 2564 1717 2621 promptum
1770 2572 1829 2606 ac
1889 2558 2209 2621 propositum
2268 2584 2333 2593 —
2394 2560 2540 2622 signo
2602 2564 2677 2609 est
2734 2558 2885 2609 locus

1213 2640 1388 2691 Ovidii
1433 2642 1486 2689 in
1534 2640 1859 2716 Episecrit.
1897 2658 1947 2707 p.
1986 2643 2051 2691 25
2086 2642 2307 2705 positus:
2346 2647 2640 2695 reserata.
2715 2642 2886 2692 Berol.

1213 2728 1472 2776 servata
1508 2754 1570 2763 —
1608 2726 1716 2789 ipse
1752 2740 2044 2789 spreveram
2080 2732 2136 2775 ut
2172 2728 2297 2775 nulli
2331 2726 2646 2777 librariorum
2672 2727 2889 2789 injuriae

1156 2860 1163 2867 ,
1215 2809 1546 2874 obnoxium),
1595 2810 1743 2863 XIX.
1783 2813 1839 2874 6,
1886 2814 1916 2861 8
1957 2819 2125 2862 autem
2161 2812 2285 2861 hoc:
2323 2814 2498 2862 audito
2536 2812 2657 2861 licet
2691 2813 2887 2876 pede-

1213 2904 1274 2945 te
1290 2896 1440 2946 ntim
1477 2896 1759 2947 euntium
1794 2894 2012 2953 sonitu“‚
2052 2898 2269 2960 denique
2298 2896 2473 2947 XXII.
2512 2899 2594 2957 16,
2631 2900 2660 2946 2
2700 2897 2885 2947 verba:

1211 2983 1351 3046 apud
1398 2981 1786 3045 hecatompylos
1836 2982 1969 3030 enim
2015 2982 2222 3032 Thebas
2273 2996 2420 3032 nemo
2457 2980 2797 3049 {magnorum'’
2851 2998 2883 3030 a

1217 3068 1362 3117 uobis
1412 3068 1573 3131 Epist.
1620 3064 1745 3119 Crit.
1796 3083 1843 3129 p.
1892 3068 1957 3116 23
2000 3068 2072 3115 sic
2108 3072 2362 3117 correcta:
2402 3074 2596 3132 caput
2630 3068 2887 3116 hecatom-

1215 3153 1360 3218 pylos
1407 3151 1815 3215 olim,Theb·as
1855 3152 1980 3214 jam
2016 3149 2366 3215 ignorant“
2410 3148 2499 3217 (cs.
2538 3152 2715 3201 Barth.
2756 3148 2888 3201 Stat.

1217 3238 1380 3300 Theb.
1419 3236 1516 3287 IV.
1558 3236 1654 3286 108
1686 3252 1736 3301 p.
1764 3236 1893 3287 9292
1935 3237 2160 3302 „Caputz
2197 3236 2253 3286 in
2282 3237 2471 3301 optimo
2496 3238 2630 3287 libro
2656 3237 2892 3300 capud,

1217 3332 1275 3372 ut
1325 3322 1448 3371 alibi
1503 3317 1757 3384 semper“)
1811 3320 1987 3371 scribit
2038 3322 2133 3371 sibi
2185 3321 2347 3371 videri
2402 3324 2469 3373 ad
2522 3322 2657 3371 hunc
2716 3320 2892 3385 potius

1217 3414 1408 3457 statum
1444 3407 1763 3456 revocanda:
1822 3415 1927 3469 „et
1972 3405 2149 3471 Abyd
2166 3418 2287 3458 um:
2330 3406 2717 3473 hecatompylos
2754 3406 2893 3455 enim

1220 3492 1428 3543 Thebas
1483 3492 1591 3541 vix
1646 3492 1813 3555 magi
1875 3490 2165 3544 norunt“.
2248 3491 2489 3555 Denique
2542 3493 2675 3542 idem
2729 3490 2894 3542 allato

1221 3577 1349 3628 Julii
1385 3576 1615 3627 Victoris
1650 3592 1701 3641 p.
1728 3578 1828 3627 390
1862 3576 2038 3626 Halm.
2076 3576 2197 3625 loco
2232 3578 2355 3625 hoc:
2394 3578 2598 3640 quidam
2636 3584 2892 3625 mortuum

1219 3664 1456 3723 ostendit,
1493 3662 1616 3727 petit
1644 3661 2036 3724 judicivam,
2092 3660 2523 3711 contradicitur“
2565 3660 2741 3710 docuit
2776 3660 2893 3711 Se-

1218 3762 1420 3797 necae
1459 3744 1700 3800 Oontrov.
1738 3746 1835 3795 IX.
1876 3748 1957 3806 26,
1998 3748 2024 3794 1
2065 3746 2377 3795 reddendum
2416 3761 2552 3797 esse:
2587 3746 2754 3810 gravis
2784 3745 2892 3808 ju-

1219 3834 1442 3882 dicina
1477 3830 1613 3895 est“;
1649 3833 1758 3897 ipse
1796 3838 1912 3897 post
1946 3832 2133 3880 editum
2165 3832 2321 3895 Prop.
2346 3818 2592 3884 Emeudd.
2622 3828 2896 3895 Specimen

1219 3935 1270 3983 p.
1311 3920 1376 3969 23
1414 3934 1492 3981 sq.
1543 3916 1741 3981 aliquid
1779 3918 1843 3965 de
1880 3916 2192 3965 restituenda
2227 3931 2354 3966 voce
2384 3916 2747 3979 juridicina
2782 3930 2895 3966 sus-

1215 4004 1414 4067 picatus
1457 4018 1594 4052 eram
1652 4016 1842 4051 memor
1880 4008 1931 4051 et
1966 4002 2133 4052 «Jureti
2173 3998 2462 4065 Symmach.
2500 4000 2566 4050 V.
2607 4002 2670 4050 73
2708 4017 2757 4064 p.
2797 4002 2897 4051 140

1219 4087 1669 4152 Oudendorpiique
1716 4086 1872 4151 Apul.
1927 4088 2052 4136 Met.
2091 4086 2185 4136 VI.
2224 4102 2273 4150 p.
2312 4085 2409 4137 395
2448 4094 2497 4135 et
2523 4086 2652 4135 Livii
2688 4086 2891 4136 XXXI.

1223 4175 1304 4234 39,
1345 4175 1374 4223 6
1415 4158 1759 4235 Erigonum.
1798 4171 1939 4225 Harl.
1980 4172 2267 4235 Egonum.

850 4285 914 4305 -.-··
955 4260 1054 4311 256
1080 4265 1208 4310 extr.
1237 4258 1341 4309 Sed
1379 4260 1498 4323 quia
1535 4258 1639 4307 alia
1676 4256 1899 4320 ejusdem
1937 4256 2157 4306 levitatis
2192 4256 2431 4321 exempla
2457 4256 2743 4305 notavimus
2766 4254 2892 4305 Phi-

1215 4343 1307 4403 lol.
1344 4342 1494 4395 XIX.
1531 4361 1582 4417 p.
1623 4345 1719 4395 152
1756 4358 1857 4407 sq.,
1906 4342 2028 4393 licet
2060 4341 2405 4414 perstringere
2444 4354 2533 4403 ea,
2580 4354 2713 4414 quae
2749 4340 2885 4399 idem
