3234 4967
651 363 732 432 38
1549 367 1771 418 Adnot.
1809 365 1901 416 ¹24.

649 573 738 639 lll.
777 573 834 653 1,
869 573 954 638 36
1001 571 1401 637 lustratum.
1435 570 1585 637 Sen.
1636 572 2025 636 instratum.
2074 580 2313 636 ustor:
2362 569 2576 636 lictor
2606 569 2799 656 Valg.

645 703 712 768 p.
743 679 898 744 409.
929 678 1177 743 Lucan.
1211 676 1366 742 Vlll.
1399 678 1524 742 381
1578 675 1867 742 melior.
1899 675 2107 741 Acad.
2144 677 2184 740 :2
2231 699 2535 741 memor.
2572 675 2800 744 Colon.

646 782 786 850 Silii
846 783 928 848 V.
985 782 1117 849 542
1173 784 1460 849 misere.
1532 783 1752 849 Oxon.
1814 782 2086 848 luxere.
2168 781 2393 848 Ovidii
2450 783 2610 848 Met.
2670 783 2801 849 Vll.

650 889 1139 954 77':·revixit:
1201 889 1498 954 reluxit.
1547 889 1702 956 Vlll.
1754 890 1879 955 199
1927 887 2117 954 lusu.
2180 888 2357 954 Med.
2422 911 2549 954 sec.
2612 890 2801 954 visu.

647 995 913 1061 Nazarii
956 995 1204 1081 Paneg.
1260 995 1362 1078 16,
1409 995 1483 1060 6:
1539 993 1863 1084 supplicia
1906 993 2250 1059 ludebas·
2310 993 2530 1060 Guelf.
2577 994 2803 1060 vide·

645 1101 785 1166 bas.
835 1099 1203 1184 Claudiani,
1266 1101 1334 1166 in
1395 1104 1579 1190 cujus
1638 1100 1973 1166 codicibus
2022 1110 2088 1165 et
2131 1100 2373 1164 luctus
2421 1109 2487 1165 et
2531 1101 2799 1184 victuS,

647 1217 722 1271 ut
766 1205 944 1294 apud
987 1206 1406 1272 Lactantium
1455 1206 1664 1272 Theb.
1706 1205 1861 1271 Vlll.
1912 1206 2064 1290 284,
2112 1207 2439 1294 permixta
2460 1200 2463 1205 ’
2487 1215 2637 1271 sunt
2680 1207 2801 1271 fre-

649 1312 1067 1401 quentissime
1141 1323 1206 1378 et
1277 1312 1596 1379 liberior
1656 1322 1723 1378 et
1778 1313 2069 1380 uberior
2125 1313 2350 1378 Burm.
2408 1312 2686 1400 Eutrop.
2743 1313 2799 1378 I.

655 1418 782 1483 195
829 1441 893 1506 p.
943 1417 1126 1506 285),
1175 1439 1296 1506 per
1350 1417 1530 1484 illam
1590 1419 1729 1484 sive
1790 1443 1855 1484 m
1912 1418 2197 1485 litteram
2258 1419 2394 1483 sive
2442 1439 2673 1484 vocem
2718 1417 2803 1483 in

649 1523 984 1589 delituisse
1043 1521 1360 1610 syllabam
1419 1524 1520 1588 lu.
1613 1525 1913 1606 Accedit,
1971 1525 2146 1613 quod
2196 1523 2411 1589 eidem
2456 1525 2535 1588 in
2582 1534 2647 1589 et
2696 1546 2802 1588 vo—

647 1629 832 1694 culae
894 1653 930 1694 e
985 1652 1293 1715 magnam
1354 1629 1681 1716 quandam
1741 1631 2143 1695 vicinitatem
2214 1651 2355 1693 esse
2413 1628 2801 1714 intelligitur

646 1735 806 1800 locis
853 1733 1079 1800 Ovidii
1113 1735 1270 1798 Met.
1304 1731 1392 1796 111.
1433 1733 1558 1798 149
1605 1735 1935 1816 invecta.
2001 1734 2172 1800 Oios.
2223 1743 2289 1798 et
2333 1734 2560 1798 Burm.
2606 1733 2799 1798 codd.

645 1863 711 1928 p.
747 1840 895 1922 183,
942 1839 1013 1903 id
1060 1838 1236 1926 quod
1281 1861 1511 1903 verum
1558 1849 1679 1922 est,
1728 1848 2011 1904 evecta.
2072 1839 2267 1904 Statii
2299 1837 2507 1904 Theb.
2538 1838 2607 1903 ll.
2642 1839 2800 1904 1351

643 1943 1040 2034 Expulerat
1085 1981 1173 1993 --
1217 1943 1482 2009 Aurora
1527 1944 1856 2010 tenebras.
1927 1944 2121 2009 Lind.
2166 1943 2573 2032 Impulerat,
2622 1943 2801 2032 quod

649 2049 1074 2140 reprehendit
1119 2050 1535 2114 Burmannus
1580 2048 1784 2114 Anth.
1833 2050 1977 2114 Lat.
2013 2050 2094 2115 V.
2129 2051 2170 2115 3
2217 2072 2281 2137 p.
2331 2050 2478 2114 301.
2540 2048 2802 2116 Claudi-

651 2157 761 2220 ani
805 2155 1083 2243 Eutrop.
1131 2155 1185 2220 Ι.
1237 2156 1366 2220 276
1413 2154 1795 2221 involvere.
1869 2155 2018 2220 Vat.
2071 2177 2197 2220 sec.
2246 2154 2621 2221 evolvere.
2691 2155 2800 2220 Pr.

653 2261 1028 2330 cona-Stil.
1073 2259 1138 2326 ll.
1188 2261 1316 2326 378
1364 2260 1779 2348 inrumpere.
1826 2260 2016 2326 Leid.
2064 2259 2146 2326 al.
2194 2282 2579 2348 erumpere.
2627 2261 2681 2326 I.
2715 2262 2799 2326 87

649 2368 984 2456 roseisque
1033 2367 1358 2432 evincta
1403 2367 1679 2430 coronis
1734 2365 1948 2432 Oxou.
1982 2367 2173 2432 Voss·
2208 2366 2457 2432 Lovan.
2492 2367 2571 2432 in
2584 2365 2800 2450 ducta.

645 2477 888 2541 Lucan.
948 2472 1060 2539 lX.
1131 2473 1258 2538 114
1317 2495 1735 2560 exsurgere:
1804 2475 2183 2561 insurgere.
2261 2473 2485 2540 Burm.
2534 2497 2597 2562 p.
2648 2476 2801 2541 616.

647 2580 945 2646 Frontin.
978 2577 1042 2644 ll.
1087 2579 1149 2662 5,
1199 2580 1278 2643 16
1327 2578 1588 2645 avidius
1648 2581 1725 2643 in
1741 2581 1971 2670 gressi.
2024 2581 2163 2646 Pal.
2221 2583 2513 2666 egressi.
2562 2581 2799 2648 Tibull.

645 2685 752 2750 lV.
790 2687 848 2767 1,
881 2684 966 2750 53
1013 2683 1206 2763 tellus
1255 2684 1670 2752 excluditur.
1720 2684 1800 2751 al.
1853 2685 2229 2752 includitur
2276 2696 2342 2751 et
2387 2696 2460 2751 ut
2508 2688 2799 2753 omittam
2903 2679 2907 2682 ⁵

646 2789 837 2855 Statii
905 2788 1110 2854 Theb.
1171 2788 1277 2855 lv.
1343 2791 1473 2855 790
1525 2790 1766 2856 verba:
1835 2789 2313 2868 illuctantia
2380 2792 2648 2858 labris
2716 2790 2801 2858 ab

645 2895 1057 2983 Wopkensio
1106 2893 1404 2981 (Rupert.
1455 2897 1611 2960 Tac.
1656 2895 1828 2960 Ann.
1863 2896 1966 2961 lV.
2018 2899 2100 2963 31
2150 2919 2214 2984 p.
2247 2897 2409 2986 402)
2457 2921 2666 2986 pravo
2712 2899 2801 2964 in-

649 3010 844 3090 cepto
903 3001 996 3066 sic
1053 2998 1344 3066 detorta:
1405 2999 1885 3066 eluctantia.
1982 3002 2167 3087 Virg.
2214 3001 2482 3068 Aen..I.
2538 3005 2663 3070 176
2718 3007 2800 3070 in

645 3107 900 3173 fomite:
973 3127 1073 3170 ex
1125 3105 1370 3172 fomite.
1453 3105 1564 3172 Sil.
1622 3105 1732 3172 lX.
1795 3105 1927 3171 445
1985 3107 2065 3172 in
2123 3108 2397 3174 casside.
2473 3108 2703 3176 Colon.
2762 3132 2798 3175 e

649 3211 922 3279 casside.
953 3211 1194 3278 Avian.
1226 3211 1390 3277 Fab.
1426 3212 1532 3295 38,
1573 3213 1604 3276 1
1644 3235 1678 3276 e
1723 3214 2003 3298 stagnis:
2052 3213 2134 3278 in
2182 3217 2448 3300 stagnis.
2497 3216 2797 3282 Frontin.

646 3319 702 3384 Ι.
735 3318 800 3402 5,
835 3319 917 3386 21
969 3339 1065 3383 ex
1111 3318 1387 3383 vimine:
1435 3317 1516 3382 in
1559 3317 1822 3384 vimine.
1912 3318 2165 3402 Quibus
2213 3320 2391 3386 initis
2438 3319 2801 3387 subductis-

615 3446 774 3513 que
850 3423 1214 3492 rationibus
1288 3422 1457 3490 hanc
1533 3424 2007 3509 cogitationum
2079 3434 2453 3492 nostrarum
2529 3428 2799 3493 fecimus

647 3551 984 3612 summam,
1061 3538 1136 3595 ut
1209 3528 1462 3595 litteras
1537 3551 1572 3594 e
1596 3527 1621 3593 1
1644 3551 1689 3594 u
1764 3538 1793 3594 t
1817 3551 1855 3595 0
1880 3553 1916 3596 1·
1991 3532 2504 3615 excusatissima‚
2580 3541 2656 3597 ut
2732 3533 2800 3597 in

646 3635 972 3702 Emendd.
1028 3634 1221 3723 Prop.
1283 3633 1397 3700 IX.
1455 3636 1496 3701 3
1553 3643 1686 3700 not.
1754 3634 2326 3721 demonstrabitur,
2392 3659 2597 3726 opera
2652 3660 2801 3704 con-

646 3751 1057 3808 necteremus
1103 3750 1171 3806 et
1215 3739 1671 3826 colligeremus
1715 3741 1783 3806 in
1829 3739 2049 3807 eluet
2064 3741 2260 3808 andi
2299 3743 2608 3809 verbum:
2652 3744 2800 3810 Hoc

648 3869 905 3936 quoque
951 3869 1099 3914 cum
1157 3846 1490 3913 eluctor.
1573 3846 1774 3929 Quod
1829 3847 2104 3920 verbum
2166 3850 2307 3937 ipse
2368 3849 2617 3917 Statius
2676 3850 2800 3916 sibi

651 3953 1008 4040 deposcere
1053 3953 1319 4020 videtur
1361 3961 1749 4040 usurpatum
1794 3953 1863 4017 in
1904 3952 2271 4020 Achilleide
2318 3953 2371 4020 I.
2419 3954 2586 4021 525:
2634 3955 2801 4022 Tan·

649 4057 799 4124 dem
843 4059 1018 4125 fessa
1061 4069 1347 4126 tremens
1391 4058 1606 4160 longis
1652 4059 2010 4146 mugitibus
2060 4081 2177 4126 ora
2230 4059 2444 4128 Solvit
2486 4069 2556 4126 et
2604 4083 2800 4151 oppo-

649 4163 843 4230 situm
897 4185 1033 4230 vox
1099 4164 1468 4231 eluctata
1525 4165 1815 4232 furorem
1875 4168 2033 4231 est“
2094 4166 2175 4232 cf.
2223 4165 2429 4232 Theb.
2475 4164 2585 4232 lv.
2636 4167 2799 4232 7901

647 4267 852 4334 verba
894 4268 1372 4336 illuctantia
1415 4268 1636 4334 labris.
1674 4270 1834 4354 „Ut
1876 4269 2023 4336 hoc
2054 4270 2413 4340 eluctari
2444 4273 2581 4338 fere
2626 4271 2800 4340 idem

649 4373 734 4437 sit
778 4381 974 4462 atque
1019 4373 1202 4458 illud,
1260 4375 1436 4462 quod
1481 4374 1761 4460 legimus
1807 4374 2010 4442 Theb.
2058 4375 2164 4442 Vl.
2230 4378 2391 4444 136:
2460 4398 2798 4461 „vocem
