3234 4967
1364 333 1616 386 Adanu.
1654 333 1736 385 τε.
2517 328 2638 395 123

491 539 687 629 idis*)
714 563 755 605 a
774 540 962 605 nobis
984 541 1054 605 in
1078 538 1493 606 Suetonianis
1516 560 1658 625 cap.
1687 541 1733 604 1.
1758 562 1824 625 p.
1848 539 1891 603 4
1915 538 2092 603 edito
2117 539 2199 602 cf.
2215 536 2443 601 Barth.
2460 536 2634 601 Adv.

488 646 713 713 XVlll.
738 646 781 709 4
805 671 869 735 p.
896 647 1045 712 899.
1080 646 1334 727 Morell.
1362 647 1559 711 Dion.
1587 644 1823 731 Chrys·
1851 643 1966 709 Or.
1983 644 2072 709 lll.
2102 669 2162 733 p.
2191 642 2346 709 558.
2371 644 2633 709 Ennod.

488 754 625 819 Vit.
672 752 908 839 Epiph.
962 776 1025 839 p.
1076 754 1225 819 266.
1282 752 1377 817 A:
1439 752 1651 817 diem
1710 740 2040 839 ‘putabant
2109 751 2450 837 perisse,
2523 752 2636 837 qui

486 859 630 925 illos
700 860 837 923 sine
899 858 1188 923 facinore
1257 880 1413 923 casu
1468 857 1686 944 aliquo
1750 858 2226 923 interveniente
2296 857 2635 942 fugisset.“

485 964 773 1031 Martial.
822 964 952 1030 Vll.
999 965 1109 1048 47,
1162 966 1273 1030 12:
1320 963 1814 1029 Perdiderit
1869 962 2116 1029 nullum
2175 964 2314 1029 vita
2369 984 2638 1029 reversa

488 1071 765 1137 diem.“

663 1178 879 1263 Pergo
949 1174 1037 1241 ad.
1096 1174 1373 1239 alterum
1429 1197 1696 1239 versum
1757 1196 1872 1239 suo
1933 1171 2386 1260 supplemento
2434 1210 2523 1223 —-
2566 1173 2636 1238 in

485 1283 945 1369 Rehdigerano
989 1283 1165 1347 enim
1210 1292 1338 1347 est:
1386 1281 1774 1347 horridus
1807 1330 1822 1351 .
1859 1329 1875 1346 .
1927 1328 1942 1343 .
1989 1318 2078 1329 —-
2123 1280 2632 1345 resarciendum.

484 1389 651 1453 Nam
700 1389 876 1476 quod
921 1389 989 1453 in
1035 1387 1301 1475 reliquis
1336 1386 1672 1452 codicibus
1711 1387 1984 1472 legitur:
2030 1388 2288 1473 ipsoex,
2336 1386 2404 1450 id
2435 1408 2634 1473 quum

486 1495 697 1583 ipsum
740 1495 887 1561 leve
935 1504 1001 1559 et
1045 1494 1153 1559 vel
1198 1494 1321 1559 hac
1368 1494 1605 1559 format
1667 1493 2058 1558 horridus
2103 1494 2280 1579 ipse
2343 1492 2633 1557 deterius

488 1624 627 1667 esse
685 1600 1089 1686 intelligatur
1148 1598 1465 1687 exemplis
1524 1599 1722 1665 Statii
1777 1598 1931 1665 Silv.
1981 1598 2064 1663 V.
2112 1601 2174 1679 3,
2237 1599 2353 1664 69:
2417 1599 2633 1686 Major

485 1715 664 1773 certe
706 1706 833 1773 illis
879 1707 1243 1793 Superos
1302 1716 1367 1770 et
1416 1707 1696 1771 Tartara
1757 1705 2008 1797 pulsem
2065 1704 2358 1771 Jnvidia.
2421 1704 2629 1772 Theb.

485 1814 587 1877 ΠΙ.
670 1812 824 1877 195:
912 1812 1111 1897 longo
1212 1812 1512 1877 examine
1588 1821 1834 1877 matres
1907 1810 2244 1877 «Invidiam
2318 1811 2632 1899 planxere

488 1919 733 2001 deis“,
786 1917 1179 2001 Quintiliani
1228 1919 1529 1985 Prooem.
1576 1919 1670 1984 VI
1714 1942 1780 2005 p.
1828 1918 1994 1983 493:
2045 1919 2190 2005 quis
2235 1940 2370 1982 non
2417 1917 2632 1983 oderit

484 2024 646 2091 hanc
694 2025 893 2089 animi
938 2026 1067 2088 mei
1112 2024 1513 2106 firmitatem,
1564 2024 1619 2088 si
1663 2025 1813 2111 quis
1856 2024 1922 2087 in
1968 2046 2070 2087 me
2121 2033 2222 2089 esi
2267 2022 2430 2089 alius
2475 2046 2630 2089 usus

480 2132 683 2213 voci87
727 2153 919 2219 quam
952 2139 1025 2194 ut
1053 2132 1345 2195 incusem
1390 2128 1483 2193 de
1504 2133 1660 2210 0s“‚
1710 2129 2005 2211 aliorum,
2054 2151 2216 2215 quos
2247 2151 2629 2196 commemo-

483 2246 711 2303 rarunt
782 2237 1081 2324 Cuperus
1152 2235 1342 2302 Obss.
1412 2237 1487 2299 11.
1558 2234 1603 2297 4
1670 2258 1732 2320 Ρ.
1817 2235 1962 2299 182.
2077 2235 2387 2299 Heinsius
2455 2234 2630 2302 Adv.

482 2344 586 2409 lu.
666 2344 705 2406 2
775 2366 841 2429 p.
908 2343 1059 2407 403.
1184 2339 1696 2427 Oudendorpius
1771 2363 1835 2426 p.
1910 2340 2036 2403 100
2106 2341 2494 2429 Curtiusque
2563 2366 2630 2429 p.

488 2448 611 2513 188
688 2448 756 2513 in
822 2448 1070 2513 Lucan.
1139 2448 1212 2512 Il.
1285 2447 1369 2512 36
1438 2447 1519 2510 cf.
1587 2444 1854 2511 Peerlk.
1923 2446 2106 2532 Virg.
2177 2443 2346 2514 Aen.
2415 2446 2490 2509 ll.
2563 2470 2628 2534 p.

487 2554 609 2645 157
667 2556 735 2619 in
790 2554 870 2618 iis
923 2554 1112 2636 lociS‚
1170 2554 1405 2640 quibus
1466 2552 1688 2616 miseri
1749 2552 1872 2616 diis
1920 2551 2276 2639 (superis
2336 2560 2414 2617 et
2473 2554 2630 2640 ipsi

480 2660 525 2723 J
542 2660 725 2724 ovi·“
772 2660 922 2725 Sen.
970 2660 1167 2723 Herc.
1218 2656 1620 2751 Oet.‚1674)
1669 2657 1990 2723 invidiam
2037 2659 2257 2723 facere
2307 2659 2628 2741 (licuntur,

484 2765 917 2852 explanandis
988 2766 1267 2847 versati,
1330 2750 1475 2828 'tum
1546 2761 1710 2827 falso
1780 2762 2114 2849 proditum
2183 2786 2325 2831 esse
2388 2766 2632 2831 evincit

484 2871 833 2936 verborum
884 2870 1044 2935 ordo
1092 2870 1301 2935 hicce:
1366 2870 1591 2955 ipsos
1639 2868 1914 2933 Jnvidia
1961 2891 2234 2956 superos
2280 2872 2630 2959 injusta·

482 3000 607 3063 que
656 2978 934 3043 Tartara
977 2976 1311 3065 pulsem“;
1376 2998 1646 3062 superos
1695 2977 1866 3042 enim
1913 2998 2046 3042 non
2091 2976 2304 3041 minus
2351 2978 2630 3065 injustos

480 3092 679 3169 poeta
712 3091 1023 3169 expertus
1056 3092 1176 3165 est,
1220 3104 1414 3169 quam
1444 3082 1690 3147 inferos
1723 3083 1802 3145 cf.
1837 3080 1994 3147 silv..
2027 3081 2067 3145 1.
2103 3082 2166 3145 d.
2201 3092 2266 3145 et
2299 3082 2379 3146 V.
2417 3085 2474 3165 1,
2511 3085 2625 3147 22:

480 3190 755 3276 injustos
780 3188 1027 3255 rabidis
1050 3188 1309 3275 pulsare
1337 3186 1617 3274 querelis
1645 3186 1697 3253 C
1719 3210 1754 3252 o
1770 3211 1803 3252 e
1819 3185 2013 3251 licol
2030 3210 2111 3251 as
2131 3190 2170 3224 “
2195 3186 2328 3275 (cui
2351 3188 2494 3253 loco
2519 3189 2629 3253 ad:

468 3294 676 3382 jicere
701 3294 1011 3361 Barthius
1029 3294 1200 3359 Adv.
1218 3294 1503 3359 XXXll.
1531 3294 1569 3359 8
1598 3318 1661 3381 p.
1693 3294 1860 3357 1477
1891 3302 1956 3357 et
1981 3291 2324 3359 Claudian.
2348 3294 2427 3359 B.
2448 3294 2624 3360 Gild.

484 3402 611 3467 170
634 3425 698 3488 p.
726 3402 853 3467 397
880 3410 949 3467 et
972 3402 1135 3469 Stat.
1162 3400 1368 3467 Theb.
1386 3400 1557 3465 Vlll.
1586 3401 1715 3466 249
1741 3424 1803 3487 Ρ.
1832 3400 1962 3465 842
1989 3409 2054 3465 et
2080 3398 2422 3466 Claverius
2439 3400 2626 3467 Olau-

642 3679 965 3743 ‘)'Quibus
1004 3679 1178 3732 verbis
1217 3696 1354 3749 quae
1393 3687 1513 3732 sunl
1552 3644 1819 3748 proxim⁰a:
1855 3676 1952 3738 „Et
1991 3694 2052 3730 ex
2089 3694 2244 3731 versu
2283 3679 2625 3734 Suetonii:

754 3767 811 3817 At
847 3765 991 3818 Titus
1030 3765 1175 3817 orbis
1211 3781 1361 3817 amur
1399 3766 1601 3833 rapitur
1638 3764 1951 3816 florentibus
1989 3765 2158 3815 anuis,
2231 3761 2374 3817 Idem
2420 3763 2486 3816 de
2527 3764 2624 3817 Do·

754 3851 999 3902 miliano:
1046 3852 1175 3902 Sera
1214 3866 1427 3917 gravem
1469 3851 1751 3918 perimunt,
1791 3850 1886 3902 sed
1917 3849 2060 3918 justa
2102 3850 2337 3918 pericula
2375 3851 2624 3911 salu-euw‘.

752 3952 811 3988 ea
856 3934 962 4003 jam
1014 3936 1243 3989 intellexi
1292 3936 1439 4001 (uam
1492 3950 1648 3989 secus
1699 3936 1806 3987 dixi
1866 3937 1918 3988 in
1969 3936 2309 3990 Suetonianis
2361 3954 2413 4005 Ρ.
2449 3938 2508 4001 8)
2547 3938 2629 3989 sic

762 4020 1078 4087 corrigenda
1118 4036 1262 4073 esse:
1316 4020 1424 4080 „Et
1462 4036 1525 4073 ex
1561 4036 1716 4073 versu
1773 4021 2112 4073 Ausonii.“
2194 4021 2355 4091 Cujus
2405 4030 2624 4093 uterque

754 4124 936 4159 versus
992 4107 1183 4174 legitur
1223 4108 1302 4158 11.
1357 4109 1417 4157 12
1475 4106 1543 4159 de
1600 4107 1860 4159 mortibus
1909 4107 2196 4161 Caesarum
2250 4127 2300 4178 p.
2339 4110 2456 4160 217.
2547 4109 2624 4161 Cf.

750 4192 918 4244 Arnlz.
948 4192 1119 4245 Pacal.
1148 4191 1341 4259 Paneg.
1368 4210 1418 4261 p.
1459 4192 1557 4243 275
1596 4209 1713 4260 cap.
1751 4190 1834 4246 xl.
1873 4194 1932 4244 6:
1970 4210 2120 4246 amor
2155 4198 2371 4262 generis
2410 4196 2623 4247 humani

756 4277 951 4330 Titus.“
1024 4278 1311 4345 A'ngilb-ert.
1351 4279 1417 4331 de
1456 4276 1647 4330 Cat-olo
1687 4278 1751 4331 M.
1791 4276 1873 4341 ΙΙΙ,
1911 4280 2005 4331 92:
2061 4282 2166 4335 Rex
2205 4280 2428 4333 Carolus
2467 4289 2626 4349 caput

750 4362 915 4421 orbis,
952 4380 1105 4417 amur
1142 4364 1431 4433 populique
1469 4364 1794 4433 decusque.“
