3234 4967
663 353 748 420 50
1563 355 1799 409 Adnon.
1840 355 1921 407 33.

839 559 1134 647 Namque
1202 559 1328 647 ipsi
1399 560 1691 647 separati
1760 583 1801 626 a
1867 560 2065 627 turba
2133 571 2247 625 aut
2306 583 2435 626 non
2494 560 2825 649 explicata

662 666 870 732 verba
933 665 1257 731 tuentium
1327 673 1441 730 aut
1509 665 2000 752 integerrimam
2076 675 2329 754 partem
2399 689 2609 756 prava
2677 678 2820 734 arte

662 774 1056 840 tentantium
1103 770 1408 837 videmur
1456 773 1809 857 invenisse,
1859 771 2035 861 quod
2066 772 2365 860 liqueret.
2439 773 2615 855 Quid
2648 775 2821 840 enim

663 879 1060 946 reconditius
1108 887 1222 944 aut
1265 878 1498 944 melius
1543 878 1631 944 ad
1662 877 1849 946 Statii
1884 878 2227 945 audaciam
2260 878 2630 968 appositum
2677 903 2821 968 pro-

662 987 822 1053 ferri
867 994 1106 1076 potest,
1159 1008 1353 1075 quam
1400 985 1556 1052 hoc:

1191 1111 1530 1180 inceptam
1568 1109 1749 1179 <figitis
1788 1109 2086 1164 errantibus
2124 1127 2309 1164 amens

1045 1196 1244 1250 Scindo
1284 1193 1508 1265 chelyn?

667 1305 837 1372 Huic
883 1306 1010 1394 ipsi
1057 1314 1274 1370 autem
1323 1303 1480 1393 quid
1517 1303 1828 1388 similius,
1880 1327 2073 1392 quam
2135 1304 2312 1392 quod
2369 1304 2438 1369 in
2484 1303 2819 1371 Thebaide

666 1412 908 1499 legitur
951 1411 1072 1478 IV.
1119 1411 1284 1477 441:
1340 1411 1511 1496 fugit
1569 1412 1901 1497 incepto
1959 1410 2427 1476 tremebundus
2475 1411 2559 1476 ab
2618 1434 2819 1478 arvo

667 1517 1036 1606 Agricola“
1095 1519 1190 1582 sic
1263 1515 1502 1584 Glossa
1568 1516 1696 1581 Ms.
1757 1515 1990 1582 Barth.
2047 1541 2114 1606 p.
2177 1517 2348 1583 1083
2417 1526 2818 1602 enarratum:

670 1624 930 1712 incepto
1003 1621 1205 1712 arvo)
1279 1622 1456 1712 quod
1525 1622 1831 1708 subigere
1902 1624 2257 1710 inceperat.
2350 1622 2499 1690 Non
2559 1623 2821 1712 quidem

671 1751 923 1818 agrum,
973 1730 1090 1794 sed
1137 1731 1277 1817 ejus
1325 1729 1735 1794 arationem“
1782 1736 1849 1792 et
1895 1729 2011 1793 lX.
2063 1729 2181 1794 83:
2238 1728 2504 1796 Deserit
2540 1730 2821 1815 -incep-

631 1830 828 1901 ¹tum
883 1835 1103 1901 media
1156 1837 1329 1900 inter
1363 1836 1606 1924 jugera
1667 1833 1976 1900 sulcum
2024 1835 2279 1902 Taurus
2336 1836 2567 1900 iners“
2614 1834 2816 1922 (Dan.

672 1939 1070 2032 campum)
1119 1950 1232 2006 aut
1281 1939 1458 2030 quod
1505 1950 1605 2005 est
1650 1941 1739 2004 X.
1788 1940 1948 2008 690:
2002 1941 2166 2023 Quis
2208 1962 2417 2007 novus
2462 1941 2815 2032 inceptis

669 2049 889 2136 rapuit
932 2056 999 2113 te
1046 2071 1235 2114 casus
1283 2047 1366 2113 ab
1414 2045 1707 2112 armi-s?
1755 2046 1837 2110 cf.
1886 2047 2008 2112 XI.
2058 2047 2189 2112 536
2235 2055 2581 2136 coeptus
2647 2069 2821 2112 san-

672 2157 878 2243 guis.
937 2155 1070 2220 634
1114 2156 1445 2242 incepta
1499 2176 1789 2241 pugna.
1860 2153 1935 2218 ll.
1990 2153 2151 2218 146:
2210 2163 2427 2219 mente
2486 2153 2649 2220 deos
2708 2155 2823 2218 in·

672 2271 1040 2350 ceptaque
1098 2271 1320 2327 versat
1365 2261 1781 2349 Hospitia.
1876 2258 2175 2350 (Ooripp.
2220 2260 2462 2325 Joann.
2507 2258 2604 2327 ΙΙ.
2650 2259 2818 2326 534:

672 2370 940 2457 pietas
985 2369 1218 2434 animis
1263 2367 1494 2434 illaesa
1537 2367 1828 2434 manebit
1875 2366 2187 2456 Coepta
2232 2365 2418 2456 tuis.)
2486 2363 2727 2432 Achill.
2775 2367 2822 2452 l.

673 2476 805 2542 342
848 2475 1167 2563 incepti
1213 2467 1433 2540 furti.
1525 2465 1737 2541 Theb.
1784 2474 1901 2539 Xl.
1951 2473 2079 2538 236
2127 2473 2467 2561 incepta
2513 2482 2703 2540 vota
2748 2494 2825 2537 ac

673 2580 834 2649 Silv.
881 2582 974 2647 II.
1026 2583 1212 2667 1‚60:
1272 2581 1661 2670 Inceptas
1708 2581 1854 2669 quis
1901 2579 1984 2646 ab
2034 2601 2146 2644 ore
2194 2579 2447 2667 dapes
2491 2578 2823 2667 libataque

672 2689 828 2754 vina
871 2686 1152 2754 Auferet
1163 2687 1243 2752 ?“
1315 2687 1448 2771 Qui
1494 2688 1759 2776 quidem
1819 2685 1947 2752 loci
1992 2709 2125 2752 non
2169 2686 2383 2750 minus
2430 2707 2627 2773 quam
2682 2684 2827 2751 Cal·

673 2796 946 2883 purnius
989 2793 1133 2860 Ecl.
1166 2794 1286 2860 IV.
1324 2793 1478 2860 146:
1527 2794 1612 2859 sit
1640 2794 1764 2859 tibi
1805 2791 1973 2858 coeli
2002 2791 2172 2858 Vilis
2205 2813 2386 2857 amor
2433 2800 2826 2879 coeptam-

676 2922 865 2989 que,
913 2909 1122 2990 pater,
1171 2923 1254 2966 ne
1302 2899 1532 2966 desere
1579 2903 1869 2966 terram“
1918 2908 1983 2964 et
2014 2897 2210 2966 Silius
2253 2897 2400 2963 ΧΠ.
2434 2895 2515 2963 51
2533 2907 2558 2965 τ’
2595 2898 2825 2964 Irritus

674 3009 1014 3096 incepta
1064 3007 1275 3095 primo
1325 3008 1380 3072 si
1427 3005 1776 3074 absisteret
1821 3007 2030 3074 urbe“
2078 3005 2224 3094 (ubi
2270 3003 2400 3071 dici
2442 3003 2671 3070 urbem
2720 3027 2829 3093 op-

675 3115 956 3203 pugnari
1002 3123 1317 3202 coeptam.
1349 3136 1542 3180 nemo
1590 3114 1807 3180 adhuc
1863 3111 2219 3201 intellexit)
2268 3120 2335 3176 et
2380 3109 2674 3177 Tibullus
2711 3111 2825 3178 IV.

681 3224 740 3304 1,
790 3221 952 3286 211:
1001 3221 1367 3308 inceptis
1415 3220 1497 3285 de
1545 3230 1610 3285 te
1646 3220 1989 3287 subtexam
2020 3220 2313 3285 carmina
2356 3217 2667 3284 chartis
2714 3215 2825 3305 (cf.

679 3326 875 3394 Ovid.
927 3327 1110 3392 Fast.
1161 3328 1233 3392 ΙΙ.
1295 3325 1423 3392 755
1482 3336 1549 3393 et
1604 3327 1767 3393 Met.
1813 3327 1927 3393 VI.
1976 3325 2091 3392 34:
2147 3326 2623 3413 inceptaque
2682 3323 2830 3390 fila

677 3432 1016 3523 relinquit)
1051 3434 1361 3520 fugerunt
1399 3431 1810 3522 diligentiam
1857 3442 1923 3498 et
1969 3430 2395 3499 subtilitatem
2424 3429 2831 3497 Broukhusii

679 3541 826 3608 Tib.
890 3541 1004 3604 lV.
1056 3543 1124 3624 1,
1193 3539 1319 3605 155
1374 3563 1440 3628 p.
1488 3541 1623 3606 374
1668 3563 1812 3606 eam
1872 3537 2287 3605 insolentiam
2332 3536 2687 3626 explanare
2739 3538 2831 3601 in·

680 3648 908 3734 gressi,
955 3669 1123 3735 quae
1157 3669 1351 3735 quam
1381 3647 1513 3712 late
1559 3657 1819 3736 pateret
1849 3668 2080 3735 parum
2114 3645 2487 3734 exploravit
2515 3643 2829 3710 Barthius

680 3753 886 3821 Theb.
934 3752 976 3817 l.
1029 3752 1091 3818 d.
1139 3775 1203 3842 p.
1242 3753 1434 3838 1083,
1481 3777 1565 3820 ne
1613 3754 1983 3842 suspicione
2016 3752 2281 3841 quidem
2313 3759 2701 3839 assequutus
2732 3758 2832 3815 est

680 3861 1096 3926 Burmannus
1141 3858 1290 3926 Val.
1323 3859 1543 3926 Flacc.
1576 3861 1652 3925 ll.
1687 3859 1817 3928 368
1850 3884 1916 3948 p.
1954 3859 2080 3926 193
2130 3869 2198 3925 et
2244 3855 2554 3946 Calpurn.
2586 3880 2651 3945 p.
2680 3856 2829 3940 650,

682 3968 980 4056 quamvis
1027 3966 1350 4056 quaedam
1396 3967 1524 4033 huc
1567 3968 1969 4056 pertinentia
2021 3965 2319 4053 attigerit
2362 3966 2432 4030 in
2486 3963 2831 4031 claudian.

635 4081 640 4085 '
683 4073 986 4163 Eutrop.-
1030 4074 1106 4138 11.
1153 4073 1281 4139 397
1341 4096 1406 4161 p.
1455 4074 1619 4158 342,
1689 4096 1859 4141 unus
1926 4073 2239 4139 Heinsius
2310 4071 2574 4138 videtur
2639 4069 2832 4159 plane

682 4181 1056 4270 percepisse
1105 4178 1302 4246 Ovid.
1349 4180 1495 4246 Art.
1547 4179 1694 4245 Am.
1742 4182 1791 4246 l.
1841 4180 1971 4246 234
2014 4204 2081 4269 p.
2123 4179 2253 4245 558
2302 4189 2369 4244 et
2414 4176 2563 4244 Val.
2610 4175 2832 4242 Flacc.

682 4285 724 4350 l.
761 4285 824 4351 d.
898 4285 1164 4368 Quanta
1215 4295 1433 4351 autem
1495 4286 1578 4351 sit
1648 4284 1930 4351 facilitas
1988 4285 2173 4350 vocis
2242 4285 2647 4350 incertam
2693 4285 2835 4372 jam

683 4389 826 4461 loco
875 4389 1186 4476 cedentis,
1235 4414 1317 4456 ne
1366 4393 1756 4459 auctoritate
1790 4388 2189 4458 Wakefieldi
2222 4389 2485 4456 Lucret.
2520 4390 2624 4455 ΙΙΙ.
2666 4388 2835 4455 1055
