3234 4967
615 349 701 417 26
1506 355 1742 411 Adnot.
1780 357 1875 408 14.

599 550 872 608 ⁴ctorum
941 542 1174 609 honori
1242 552 1557 630 congesta
1623 545 1821 609 fuisse
1888 546 2034 633 quis
2090 542 2535 609 Kirchmanno
2592 540 2762 605 Fun.

619 648 807 713 Rom.
852 647 944 715 lll.
992 650 1034 713 6
1079 673 1145 737 Ρ.
1193 650 1324 715 226
1369 652 1697 737 posterior
1740 651 2048 738 ignorat?

691 784 700 795 ·
797 755 845 821 J
847 778 952 820 am
1019 753 1196 821 illam
1265 756 1608 823 audaciam
1678 758 2123 844 incuriamque
2190 776 2313 843 pro
2374 751 2627 819 oculis
2682 751 2767 815 le·

621 859 916 943 gentium
971 861 1188 946 rogis
1251 861 1515 929 defendi
1568 886 1693 951 par
1746 872 1845 929 est
1899 862 2023 927 hac
2080 862 2435 950 diremptas
2480 860 2765 924 litteras:

623 987 819 1053 „que
863 964 1140 1031 oculis“
1194 968 1707 1036 reconcinnandi
1760 969 2015 1033 ratione
2074 965 2423 1043 (coculis
2464 964 2657 1050 Valg.
2700 988 2766 1051 p.

625 1071 779 1136 430.
847 1069 1128 1137 Avien.
1195 1070 1383 1137 Arat.
1459 1073 1707 1139 Phacn.
1776 1073 1937 1139 335:
2021 1096 2219 1138 rauco
2292 1079 2770 1157 congesserat

627 1180 794 1241 ore“
855 1176 924 1241 id
979 1186 1098 1260 est,
1161 1186 1234 1242 ut
1287 1188 1584 1245 nostrum
1642 1180 1770 1245 fert
1812 1180 2165 1268 judicium:
2224 1182 2601 1265 raucoque
2656 1179 2772 1241 in·

608 1292 944 1367 gesserat.
1029 1283 1300 1366 Quintil.
1381 1284 1567 1349 Decl.
1638 1284 1820 1351 XIX.
1897 1285 1979 1350 15
2062 1309 2127 1372 p.
2196 1285 2327 1350 376
2398 1282 2769 1371 equuleos.

627 1388 815 1453 Leid.
847 1412 948 1476 pr.
996 1389 1306 1479 oculos)t
1352 1390 1639 1457 loculis
1673 1390 1899 1481 (Valg.
1946 1416 2011 1480 p.
2058 1392 2209 1458 503.
2255 1392 2321 1458 b.
2370 1392 2449 1456 cf.
2484 1388 2771 1456 Martial.

629 1493 764 1561 ΧΠ.
817 1494 918 1579 15,
967 1497 1038 1561 2:
1087 1496 1420 1563 Donatum
1467 1506 1566 1563 est
1613 1496 1866 1563 oculis
1915 1498 2183 1585 deisque
2229 1498 2489 1562 nostris.
2543 1496 2771 1561 Heius.

635 1599 980 1689 loculis),
1013 1624 1145 1666 non
1177 1624 1306 1690 quo
1341 1624 1422 1667 ea
1465 1603 1871 1668 instauretur
1914 1605 2182 1687 menti0,
2234 1626 2401 1691 quae
2450 1612 2550 1668 cst
2596 1602 2772 1690 apud

631 1705 941 1771 Ovidium
997 1707 1177 1773 Fast.
1223 1706 1327 1773 Vl.
1389 1708 1546 1773 741:
1617 1708 2055 1791 „Gramina
2110 1710 2418 1773 continuo
2478 1706 2773 1772 loculis

631 1811 958 1899 depromit
1013 1812 1278 1896 eburnis
1295 1818 1334 1850 “
1389 1815 1471 1879 cf.
1527 1813 1753 1879 Burm.
1810 1815 2007 1902 Prop.
2064 1814 2131 1879 ll.
2188 1815 2293 1896 23,
2358 1812 2439 1877 15
2495 1837 2559 1899 p.
2618 1812 2770 1893 425,

627 1916 747 1982 sed
790 1926 865 1983 ut
909 1920 973 1983 ei
1018 1919 1580 2006 receptaculorum
1628 1922 1855 2007 generi
1898 1920 2081 1985 locus
2125 1919 2440 1985 reddatur
2486 1917 2773 2005 „quibus

630 2024 737 2089 vel
784 2026 1043 2113 integra
1088 2049 1367 2114 corpora
1411 2028 1518 2093 vel
1562 2027 1873 2116 reliquias
1919 2027 2301 2093 asservari“
2362 2024 2585 2092 solitas
2632 2046 2773 2088 esse

628 2130 1110 2219 Kirchmannus
1176 2130 1389 2199 allatis
1453 2132 1651 2199 Plinii
1710 2134 2099 2199 testimoniis
2160 2132 2239 2197 N.
2296 2132 2381 2196 H.
2431 2129 2560 2194 Vll.
2610 2132 2671 2212 2,
2734 2131 2775 2194 2

629 2260 693 2323 p.
748 2238 813 2302 7:
872 2238 1161 2326 „Pyrrhi
1207 2238 1509 2327 pollicem
1553 2280 1644 2289 -—-
1689 2241 1962 2305 cremari
2010 2262 2157 2303 cum
2201 2237 2455 2325 reliquo
2504 2258 2776 2324 corpore

630 2365 763 2408 non
816 2347 1108 2431 potuisse
1167 2344 1437 2411 tradunt
1492 2345 1955 2431 conditumque
2020 2343 2295 2410 loculo
2354 2345 2423 2409 in
2474 2342 2775 2430 templo‘·

631 2460 698 2515 et
759 2451 861 2533 16,
929 2453 1008 2516 17
1066 2474 1130 2538 p.
1188 2452 1276 2516 24
1331 2451 1554 2518 docuit
1611 2450 1780 2514 Fun.
1837 2451 2025 2517 Rom.
2080 2449 2173 2516 lll.
2225 2450 2306 2515 15
2367 2472 2431 2536 Ρ.
2481 2450 2612 2514 292
2660 2472 2777 2535 sq„

631 2555 868 2643 quibus
913 2557 1300 2623 testimoniis
1346 2566 1414 2622 et
1458 2555 1589 2621 alia
1634 2555 1832 2643 adjici
1877 2566 2169 2643 possunt,
2218 2578 2385 2643 quac
2425 2565 2573 2620 sunt
2604 2553 2781 2642 apud

636 2661 960 2749 Gangium
991 2662 1206 2729 Gloss.
1241 2663 1318 2727 T.
1351 2661 1416 2728 ll.
1451 2686 1516 2749 p.
1550 2663 1702 2743 319,
1748 2671 1817 2726 et
1861 2660 2252 2747 Fulgentius
2288 2660 2541 2749 EXPOS.
2574 2660 2779 2725 Serm.

636 2766 860 2856 Antiq.
908 2793 972 2857 p.
1023 2770 1180 2835 767:
1230 2768 1707 2855 ,‚Sandapi·lam
1754 2769 2005 2855 antiqui
2054 2768 2183 2833 dici
2228 2767 2577 2834 voluerunt
2621 2767 2784 2833 fere·

635 2884 808 2939 trum
868 2883 1270 2942 mortuorum
1325 2874 1394 2940 id
1451 2883 1550 2939 est
1605 2875 1966 2939 loculum.“
2028 2876 2243 2942 Gloss.
2291 2874 2500 2939 Labb.
2548 2897 2613 2961 p.
2660 2875 2780 2939 41:

638 2972 1210 3069 ,,γλωσσόκομον.
1263 2980 1639 3047 Loculum“
1687 2989 1754 3043 ct
1798 2981 2086 3067 Hesych.
2135 2981 2181 3043 l.
2228 3004 2293 3067 p.
2342 2980 2504 3045 840:
2566 2968 2782 3061 γλωσ-

637 3084 936 3170 σόκομον
979 3120 1064 3129 —
1107 3074 1326 3168 σορὸς·
1375 3074 1600 3171 ξυλίνη
1658 3082 1793 3145 τῶν
1844 3076 2216 3171 λειψάνων.
2278 3085 2579 3150 Laeta-nt.
2614 3085 2781 3151 Stat.
2862 3076 2867 3079 ’

640 3197 845 3264 Theb.
894 3194 1008 3259 IX.
1057 3192 1219 3258 565:
1291 3192 1477 3279 quasi
1533 3190 1861 3278 sepulchri
1904 3193 2071 3255 vice.
2141 3192 2306 3277 Reg.
2356 3192 2540 3278 quasi
2584 3190 2783 3256 loco.

640 3304 912 3371 Salmas.
954 3298 1205 3364 Herod.
1247 3297 1448 3363 Attio.
1491 3298 1698 3363 Inscr.
1754 3321 1818 3383 p.
1874 3298 1957 3361 97
2006 3320 2098 3384 sq.
2144 3299 2267 3362 109
2302 3322 2395 3385 sq.
2430 3299 2511 3362 cf.
2567 3297 2783 3363 Cram.

635 3406 848 3473 Schol.
929 3402 1238 3471 Juvenal.
1272 3404 1359 3469 X.
1399 3404 1526 3469 172
1571 3427 1635 3490 p.
1683 3404 1835 3468 402.
1927 3402 2009 3467 In
2054 3426 2317 3469 versum
2362 3414 2577 3470 autem
2624 3404 2717 3469 sic
2749 3425 2788 3466 a

639 3522 844 3601 poeta
889 3513 1231 3597 scriptum:

1051 3619 1386 3687 myrrham
1443 3618 1693 3671 loculis
1749 3625 1813 3670 ct
1869 3619 2194 3687 germina·
2236 3620 2366 3671 ferte

644 3734 716 3787 ut
747 3731 935 3788 tanta
965 3720 1120 3787 mali
1150 3720 1332 3787 labes
1362 3722 1616 3805 flueret,
1668 3733 1977 3809 quantam
2014 3724 2153 3811 jam
2183 3721 2500 3804 videmuS,
2549 3721 2792 3785 factum

650 3844 750 3895 est
805 3851 1014 3916 prava
1065 3828 1522 3895 recordatione
1579 3828 1728 3911 loci,
1786 3831 1900 3917 qui
1954 3840 2055 3894 est
2109 3832 2177 3894 in
2224 3827 2383 3895 Silv.
2429 3827 2513 3891 V.
2564 3829 2625 3909 3,
2675 3827 2790 3891 32:

639 3946 1204 4034 „cineremque
1253 3934 1509 4000 oculis
1556 3934 1975 4001 humentibus
2021 3935 2277 4000 hausi.“

823 4050 1071 4112 Verum
1118 4077 1204 4118 ne
1253 4050 1408 4139 quid
1457 4044 1882 4113 dubitationis
1913 4041 2338 4127 relinquatur,
2371 4038 2795 4125 corrigendus

638 4168 779 4254 jam
833 4170 934 4227 est
993 4160 1414 4245 gravissimus
1469 4178 1653 4220 error
1708 4174 1852 4217 cum
1914 4149 2197 4214 omnium
2243 4155 2380 4211 tum
2426 4145 2683 4209 Heinsii
2730 4152 2797 4207 et

645 4265 1022 4337 Marklandi
1069 4287 1301 4350 rogum
1349 4264 1487 4327 sive
1533 4282 1765 4348 pyram
1815 4254 2156 4322 ardentem
2200 4251 2304 4315 hic
2352 4250 2481 4315 dici
2526 4249 2799 4314 arbitra-

647 4387 885 4443 torum.
949 4368 1213 4437 Scilicet
1257 4370 1516 4459 fugerat
1561 4387 1785 4433 eorum
1829 4360 2209 4432 memoriam
2253 4378 2481 4422 versus
2513 4354 2620 4439 24,
2670 4376 2797 4445 quo
