3234 4967
702 403 830 468 114
1598 406 1830 461 Adnot.
1867 410 1950 461 το.

699 616 909 688 θέντα
988 638 1070 685 σε
1160 613 1442 694 κόλποις
1518 612 1853 694 ἐδέξαντο
1942 613 2061 686 καὶ
2139 614 2232 686 ἐκ
2307 620 2854 713 σπαργάνων

701 719 1067 816 §afim-⁷5
1088 740 1196 787 σα
1219 740 1383 787 vva.
1450 728 1705 799 Schaef.
1754 730 1916 796 Eur.
1965 732 2130 797 Hec.
2177 731 2330 797 533.
2363 732 2536 799 Plut.
2572 736 2846 819 Quaest.

696 822 883 887 Rom.
934 819 1015 883 v.
1062 842 1125 905 p.
1174 818 1325 882 313.
1358 818 1508 883 Vol.
1553 818 1736 884 vni:
1783 822 2031 917 ὥσπερ
2071 823 2155 905 ἐξ
2185 822 2419 921 ἀρχῆς
2463 827 2851 919 τικτόμενον

698 931 847 1010 ταῖς·
901 923 1163 1022 γυναιξὶ
1229 924 1617 999 ἀπολοῦσαι
1685 924 1804 998 καὶ
1871 932 2380 1021 σπαργανῶσαι
2444 927 2563 1000 καὶ
2623 930 2850 1026 θηλὴν

698 1030 1027 1127 §moy-⁶:5⁴3
1088 1040 1251 1106 illud
1310 1042 1572 1130 quidem
1640 1066 1772 1110 non
1817 1052 2064 1109 temere
2131 1044 2556 1131 interpreter,
2625 1054 2848 1111 utrum

698 1150 1034 1237 expositus
1106 1149 1305 1214 fuerit
1358 1172 1522 1237 puer
1580 1174 1664 1217 an
1723 1172 1954 1217 servae
1981 1184 1988 1189 ·
2018 1172 2276 1239 quoquo
2341 1150 2536 1239 modo
2607 1152 2847 1217 enixae

697 1256 865 1319 forte
911 1255 1175 1319 fortuna
1220 1255 1651 1322 intervenerit
1707 1258 1979 1323 Statius.
2071 1257 2210 1321 Nec
2269 1256 2557 1321 dubitari
2603 1266 2845 1344 potest,

698 1362 855 1449 quin
904 1360 1033 1425 (luo
1080 1360 1242 1426 falso
1290 1362 1556 1449 prodita
1600 1362 1908 1449 legantur
1964 1385 2027 1427 v.
2077 1361 2183 1426 69.
2235 1362 2318 1425 70
2379 1360 2675 1453 (tellure)
2724 1385 2848 1428 ca-

700 1466 1422 1553 dentem‘Excepi,
1472 1492 1638 1555 quae
1673 1468 1937 1558 quidem
1967 1489 2090 1533 nec
2121 1466 2231 1531 alii
2277 1468 2344 1532 in
2391 1469 2536 1533 vitii
2585 1468 2842 1555 suspici-

698 1596 889 1639 onem
956 1572 1375 1638 adduxerunt
1443 1597 1566 1639 nec
1639 1575 2025 1640 Vech'nerus
2081 1572 2406 1639 Hellenol.
2477 1574 2565 1641 ΙΙ.
2648 1576 2728 1639 12
2775 1596 2840 1661 p.

696 1682 847 1746 366.
918 1678 1311 1766 Salvagnius
1379 1679 1479 1745 Ib.
1544 1680 1585 1745 l.
1637 1680 1700 1745 d.
1758 1704 1824 1769 p.
1881 1682 1989 1745 53.
2035 1678 2510 1745 Rittershusius
2558 1679 2844 1768 Oppian.

695 1786 845 1851 Hal.
896 1788 943 1849 l.
994 1786 1120 1850 738
1169 1809 1234 1872 p.
1284 1786 1411 1849 217
1463 1796 1579 1850 aut
1634 1787 2065 1873 Dempsterus
2123 1795 2188 1850 et
2233 1785 2619 1851 Bernartius
2666 1786 2843 1851 Han·

696 1894 977 1981 diusque‘
1012 1891 1078 1957 ll.
1129 1890 1237 1959 dd.
1284 1891 1550 1956 Etenim
1596 1902 2059 1980 praeterquam
2121 1891 2298 1980 quod
2351 1914 2484 1958 vox
2543 1890 2846 1957 tellure

694 2008 871 2064 recte
917 2020 1040 2062 nec
1087 2006 1345 2085 sumpta
1387 2019 1509 2061 nec
1568 1996 1890 2064 collocata
1937 2007 2067 2080 est,
2121 2001 2190 2062 in
2249 1997 2672 2084 designandis
2717 1996 2840 2062 filii

696 2117 763 2171 et
806 2105 1075 2191 ingenui
1118 2106 1309 2192 pueri
1342 2103 1672 2169 natalibus
1701 2114 2209 2171 consentaneum
2242 2105 2366 2169 fuit
2407 2105 2563 2191 poni
2609 2102 2844 2170 verba:

694 2212 1131 2277 cadentem
1176 2210 1499 2298 Excepi
1548 2202 1662 2299 (cf.
1711 2210 2037 2276 Vechner.
2100 2220 2166 2275 et
2225 2232 2390 2298 quos
2449 2209 2646 2275 modo
2705 2210 2848 2285 dixi

694 2327 763 2383 et
806 2317 1035 2385 Savar.
1070 2316 1294 2383 Sidon.
1328 2314 1613 2403 Apollin.
1653 2316 1868 2381 Carm.
1904 2315 2161 2381 XXlII.
2211 2315 2340 2380 205
2369 2338 2436 2405 p.
2489 2314 2668 2405 187),
2715 2336 2848 2381 non

691 2425 850 2488 item
897 2424 965 2488 in
1010 2426 1343 2489 mentione
1406 2447 1670 2490 vernae.
1787 2424 2018 2512 Neque
2089 2423 2160 2488 id
2205 2447 2246 2487 a
2312 2425 2526 2491 Statio
2599 2426 2843 2489 factum

694 2538 814 2594 est.
904 2528 1261 2595 Declarant
1306 2540 1373 2595 et
1418 2529 1682 2595 codices
1738 2530 1998 2595 Petavii
2063 2538 2130 2593 et
2173 2528 2530 2616 Rehdigeri
2601 2539 2668 2595 et
2715 2529 2847 2595 edi-

692 2636 905 2700 tiones
937 2636 1307 2701 Parmensis
1357 2646 1423 2701 et
1468 2636 1787 2718 Romana,
1835 2636 1902 2699 in
1935 2634 2170 2723 quibus
2219 2644 2464 2702 exstat:
2512 2635 2842 2724 Aspexi.

693 2741 892 2807 Unde
938 2743 1218 2827 emergit
1265 2752 1460 2830 atque
1510 2751 1788 2829 apparet
1831 2742 1901 2805 in
1959 2741 2132 2805 hunc
2185 2740 2400 2805 locum
2445 2750 2518 2807 ut
2563 2740 2845 2829 proclivi

691 2848 785 2911 ita
832 2870 1040 2936 pravo
1086 2850 1384 2914 instituto
1431 2847 1514 2912 ab
1560 2849 1676 2931 iis,
1740 2846 1850 2933 qui
1897 2846 2089 2912 Statii
2143 2865 2416 2934 puerum
2461 2869 2582 2935 per
2627 2848 2846 2913 omnia

693 2952 969 3017 similem
1014 2954 1211 3018 fuisse
1257 2952 1593 3034 Glauciae,
1627 2951 1854 3016 Atedii
1897 2950 2194 3017 Melioris
2253 2952 2504 3019 deliciis
2549 2953 2708 3020 Silv.
2755 2954 2840 3019 Il.

696 3062 753 3142 1,
804 3059 887 3124 75
930 3082 1047 3147 sq„
1096 3059 1222 3125 sibi
1251 3060 1750 3147 persuasissent,
1783 3056 2100 3124 translata
2133 3080 2296 3142 esse,
2329 3080 2498 3148 quae
2530 3059 2844 3145 leguntur

692 3166 759 3229 in
809 3164 1015 3230 Theb.
1062 3165 1117 3229 I.
1167 3164 1284 3228 60:
1334 3164 1390 3229 si
1434 3185 1538 3227 me
1588 3164 1670 3229 de
1717 3174 1974 3229 matre
2033 3164 2462 3231 cadentem
2519 3166 2838 3231 Fovisti

690 3272 988 3357 gremio“
1037 3269 1362 3358 (ventre
1410 3270 1555 3335 cod.
1606 3269 1868 3353 Barth„
1929 3278 2004 3335 ut
2049 3270 2274 3337 Sedul.
2321 3272 2410 3337 V.
2457 3270 2574 3337 50:
2636 3269 2840 3337 sterili

691 3378 1037 3443 damnatus
1090 3387 1375 3444 matre.
1432 3375 1642 3441 Pulm.
1689 3376 2032 3465 ventre)
2108 3387 2174 3442 et
2229 3376 2388 3445 silv.
2445 3378 2494 3441 1.
2557 3378 2628 3460 2,
2682 3376 2839 3441 109:

689 3485 795 3549 cui
840 3482 1051 3569 gloria
1094 3494 1359 3571 patrum
1402 3482 1494 3548 Et
1550 3485 1813 3569 generis
1869 3482 2166 3549 certabat
2223 3483 2464 3567 honos,
2533 3481 2838 3549 tellure

688 3591 1107 3655 cadentem
1140 3589 1454 3676 Excepi
1484 3589 1777 3676 fovique
1803 3591 2019 3673 sinu‚“
2053 3590 2136 3655 ab
2161 3589 2522 3678 iisdemque
2546 3589 2837 3672 confusa,

688 3719 853 3783 quae
888 3696 1287 3784 aliquantum
1316 3697 1487 3761 inter
1520 3718 1591 3761 se
1625 3696 1975 3764 distarent:
2009 3698 2100 3762 de
2133 3707 2384 3763 matre
2414 3696 2836 3763 cadentem

687 3814 753 3868 et
820 3804 1127 3869 tellure
1188 3806 1617 3893 jacentem.
1699 3804 1993 3885 Quorum
2056 3803 2220 3869 illud
2285 3824 2418 3868 non
2489 3802 2836 3869 defuerunt

687 3911 797 3997 qui
844 3912 1157 3977 curiosius
1206 3909 1658 3997 explanarent,
1721 3909 2114 3996 Salvagnins
2174 3908 2372 3975 Ovid.
2417 3908 2518 3975 lb.
2582 3909 2710 3973 223
2768 3932 2833 3997 p.

684 4018 790 4081 52.
886 4017 1228 4083 Claverius
1298 4014 1640 4081 Claudian.
1701 4016 1851 4081 Rus.
1909 4016 1962 4081 I.
2025 4016 2112 4080 92
2166 4039 2230 4103 Ρ.
2291 4016 2396 4080 37.
2457 4014 2835 4081 Gronovius

684 4122 897 4209 Epist.
944 4122 1031 4187 ad
1077 4124 1307 4187 Heins.
1359 4122 1463 4185 lV.
1529 4144 1589 4207 p.
1657 4122 1692 4184 7
1754 4120 1914 4208 Syll.
1975 4122 2092 4185 ΙΙΙ.
2150 4121 2549 4186 Arntzenius
2609 4118 2833 4185 Sedul.

681 4229 795 4293 1V.
847 4228 977 4293 215
1034 4253 1097 4315 Ρ.
1152 4228 1297 4292 198.
1346 4227 1628 4291 Lenzius
1675 4236 1742 4290 et
1799 4226 2100 4293 Handius
2142 4226 2300 4295 Silv.
2363 4227 2404 4291 l.
2457 4226 2519 4297 d.
2567 4250 2632 4314 p.
2681 4226 2831 4309 245,

682 4334 806 4398 hoc
852 4333 1042 4399 simul
1090 4343 1156 4398 et
1199 4333 1556 4398 contestari
1617 4332 1771 4397 licet
1819 4332 2044 4399 Ovidii
2091 4332 2234 4398 loco
2281 4332 2374 4398 lb.
2425 4334 2586 4398 233:
2633 4333 2833 4397 Mem-

680 4440 925 4529 braque
972 4441 1329 4505 vinxerunt
1376 4478 1463 4489 --
1510 4440 1744 4525 pannis
1790 4476 1876 4487 --
1923 4438 2014 4504 Et
2059 4462 2141 4503 ne
2173 4461 2304 4504 non
2337 4437 2568 4503 fultum
2615 4438 2832 4503 nuda
