3234 4967
658 396 753 445 198
1425 372 1432 384 '
1520 393 1799 456 conject.
1835 394 1905 444 x.

645 564 849 629 legere“
884 581 985 615 non
1024 566 1331 617 meminisset
1364 566 1644 627 „intrusum
1680 580 1712 615 a
1742 566 1992 615 minorum
2017 567 2242 631 gentium
2267 566 2561 631 poetastro“
2580 566 2776 629 judicat

646 666 694 715 p.
724 653 837 701 234.
910 652 1059 713 Quod
1100 658 1153 700 ut
1188 650 1398 701 celerius
1434 651 1714 715 judicatum
1754 658 1830 701 est
1875 650 1958 715 (cf.
1997 652 2226 715 Conjeet,
2267 651 2454 715 VIII),
2499 653 2567 700 ita
2608 652 2775 717 ipsum

644 751 673 783 a
713 751 833 785 vera
870 737 1189 785 dubitatione
1226 738 1427 785 ductum
1466 747 1601 785 certe
1639 737 1734 785 hoc
1771 738 2095 802 perspicuum
2133 737 2255 786 facit
2297 738 2379 787 hic
2427 738 2629 802 quidem
2675 752 2772 785 non

644 836 792 885 posse
828 818 948 870 ferri
995 822 1150 871 illud:
1204 835 1435 871 cervus
1472 822 1783 881 Maronis,
1839 821 1916 870 cui
1963 821 2144 871 similia
2173 823 2348 888 „multa
2397 822 2446 871 in
2494 822 2606 871 aliis
2652 822 2776 872 loeis

646 915 781 954 recte
826 907 1081 970 leguntnr=
1127 903 1169 955 οἱ
1204 909 1294 957 τοῦ
1332 903 1493 973 μΰθου
1527 904 1662 957 ἀετοί
1698 908 1868 957 Schol.
1904 906 2024 959 Eur.
2055 908 2243 959 Phoen.
2285 909 2382 958 237
2409 925 2454 973 p.
2481 911 2558 961 70,
2605 910 2771 957 Boiss.

644 988 774 1039 Aen.
815 990 937 1040 Gaz.
974 1006 1022 1057 p.
1060 992 1160 1042 310
1196 1001 1298 1043 not.
1337 996 1435 1045 579
1482 1002 1534 1042 et
1571 993 1722 1045 Psell.
1763 1010 1814 1058 p.
1852 994 1966 1043 316.
2016 989 2072 1041 τὸ
2117 994 2207 1041 τοῦ
2255 988 2376 1043 θεοῦ
2418 998 2583 1067 τεῖχος
2628 994 2772 1043 Max.

648 1077 765 1141 Tyr.
804 1077 949 1127 XIX.
993 1080 1016 1127 1
1054 1093 1101 1142 p.
1142 1079 1253 1128 358.
1327 1079 1439 1129 Nec
1480 1095 1596 1129 vero
1636 1093 1845 1142 magnus
1881 1093 2056 1127 verum
2095 1079 2303 1128 eruendi
2339 1079 2499 1129 labor.
2565 1080 2626 1128 In
2661 1096 2776 1145 pro-

646 1162 761 1210 clivi
798 1164 931 1213 enim
968 1171 1045 1212 est
1081 1165 1216 1227 quod
1252 1164 1369 1213 libri
1392 1164 1592 1229 plurimi
1613 1164 1888 1229 praebent:
1924 1164 2216 1225 Maronis,
2255 1179 2330 1225 ea,
2369 1179 2520 1228 quam
2545 1164 2776 1213 indicunt

644 1246 895 1296 Martialis
931 1247 1047 1296 libri
1082 1247 1233 1299 VIII.
1272 1251 1351 1311 56,
1390 1252 1445 1301 5:
1482 1264 1587 1299 non
1624 1252 1851 1310 deerunt,
1889 1248 2104 1310 Flacco,
2139 1250 2417 1301 Marones.
2457 1250 2620 1299 Palat.
2659 1250 2774 1299 Ma-

646 1332 835 1391 ronis,
871 1335 1068 1385 ratione
1093 1336 1382 1385 immutare:
1420 1350 1699 1399 cervusque
1719 1334 1990 1385 Marones
2027 1336 2132 1385 sive
2169 1334 2251 1385 hic
2289 1349 2489 1399 quoque
2527 1334 2773 1399 potiorem

646 1416 787 1465 ducis
812 1419 961 1469 fidem
987 1420 1340 1483 Rehdigerani
1378 1421 1566 1469 codicis
1599 1420 1848 1483 (quocum
1875 1418 2095 1470 concinit
2113 1419 2330 1471 Dorvill.
2351 1419 2496 1469 Misc.
2521 1418 2667 1472 Obss.
2697 1418 2769 1468 11.

645 1517 690 1567 p.
716 1500 868 1565 222)=
903 1520 1083 1569 rogos
1123 1531 1180 1540 -
1219 1505 1453 1556 Marone
1490 1503 1575 1569 (ef,
1615 1506 1791 1555 adnot.
1830 1505 2008 1569 Eelog.
2047 1520 2094 1555 v·
2130 1500 2209 1569 9):

1526 1591 1683 1655 gemit
1717 1591 1850 1640 inter
1884 1589 2024 1639 bella
2057 1597 2370 1655 peremptum

987 1674 1207 1725 Parthus
1246 1691 1431 1741 equum
1468 1676 1694 1740 fidosque
1733 1690 1886 1725 canes
1923 1676 2108 1725 flevere
2144 1675 2358 1725 Molossi

984 1759 1052 1808 Et
1089 1761 1316 1811 volucres
1352 1762 1574 1811 habuere
1611 1776 1782 1825 rogos
1820 1776 2097 1824 cervusque
2134 1760 2445 1811 Maronem.

652 1840 847 1903 Quibus
884 1844 1007 1893 haec
1045 1844 1264 1895 efficitur
1298 1848 1571 1897 sententia:
1610 1845 1805 1897 Corvus
1843 1854 1892 1895 et
1925 1848 2166 1910 psittacus
2197 1860 2360 1908 rogos,
2393 1860 2578 1898 ,cervus
2603 1845 2780 1894 habuit

647 1928 901 1993 neniam
940 1930 1278 1981 Maronis.“
1349 1932 1418 1979 Et
1454 1932 1620 1980 avium
1657 1932 1857 1995 quidem
1901 1932 2009 1995 rogi
2056 1932 2326 1981 contestati
2371 1922 2492 1979 sunt
2538 1946 2567 1979 a
2601 1931 2778 1980 Plinio

648 2019 800 2075 atque
839 2014 901 2063 ab
939 2013 1121 2065 Ovidio
1160 2015 1428 2079 Statioque
1466 2015 1562 2079 (11.
1600 2019 1649 2077 4,
1676 2018 1742 2067 34
1770 2013 1884 2080 sq.)‚
1921 2032 2132 2081 quorum
2170 2016 2311 2065 illum
2349 2018 2603 2081 praeteriit
2637 2016 2778 2065 Doe-

646 2098 837 2161 ringius
875 2097 1063 2149 Catull.
1104 2100 1201 2151 111.
1237 2118 1285 2167 p.
1325 2104 1371 2163 6,
1410 2104 1501 2151 hos
1532 2103 1858 2166 Tiraquellus
1895 2102 2044 2155 Alex.
2085 2103 2148 2152 ab
2186 2102 2338 2155 Alex,
2367 2100 2490 2152 Gen.
2519 2101 2656 2151 Dier.
2681 2102 2778 2151 VI.

650 2185 713 2232 14
728 2200 778 2248 p.
804 2186 928 2245 603;
964 2188 1309 2237 Molossorum
1346 2197 1516 2238 autem
1555 2190 1757 2249 menti0,
1797 2189 1858 2237 de
1897 2200 1997 2251 qua
2022 2204 2118 2237 nec
2137 2188 2462 2252 Tiraquellus
2480 2189 2514 2238 l.
2537 2189 2586 2238 d.
2607 2204 2653 2251 p.
2677 2189 2775 2237 604

646 2276 750 2322 not.
792 2273 820 2318 2
858 2271 919 2324 cf.
959 2288 1008 2337 p.
1046 2275 1144 2324 602
1182 2291 1253 2339 sq.
1291 2286 1393 2323 not.
1432 2278 1460 2324 7
1500 2275 1794 2337 diligentius
1836 2275 2078 2337 quaesivit
2117 2281 2166 2322 et
2201 2274 2440 2323 Barthius
2476 2290 2525 2337 p.
2547 2275 2646 2323 234
2683 2273 2775 2321 sibi

648 2370 752 2403 non
789 2358 959 2420 magis,
998 2374 1145 2421 quam
1183 2361 1244 2409 de
1280 2359 1581 2411 Parthorum
1622 2361 1762 2421 equis
1803 2360 1996 2424 liquere
2036 2358 2290 2409 confessus
2329 2369 2418 2420 est,
2462 2374 2566 2407 non
2603 2358 2775 2407 dubito

648 2441 768 2502 quin
805 2450 999 2507 spectet
1035 2446 1101 2493 ad
1126 2460 1241 2495 eum
1270 2460 1462 2507 canem,
1492 2442 1587 2509 'qui
1614 2461 1828 2495 accenso
1853 2446 1990 2509 regis
2014 2444 2197 2509 Pyrrhi
2233 2442 2321 2507 (cf.
2347 2445 2566 2495 Palmer.
2596 2442 2775 2494 Graec.

646 2526 821 2591 Antiq.
859 2528 925 2582 11.
964 2532 993 2579 8
1029 2546 1076 2593 p.
1117 2528 1239 2594 323)
1277 2546 1407 2595 rogo
1446 2531 1676 2595 injecisse
1713 2546 1766 2579 se
1803 2530 2032 2579 flammae
2069 2530 2249 2579 dicitur
2285 2528 2459 2579 Seber.
2500 2530 2694 2581 Polluc.
2709 2530 2776 2577 V.

647 2614 693 2670 5,
731 2614 796 2661 42
832 2628 878 2677 p.
900 2616 997 2664 498
1038 2615 1098 2664 ef.
1127 2615 1411 2681 Tiraquell.
1449 2617 1479 2668 l.
1502 2618 1549 2666 d.
1586 2632 1636 2681 p.
1658 2617 1772 2666 603.
1811 2614 2030 2665 Hullem.
2055 2615 2238 2665 Durid.
2278 2614 2335 2667 fr.
2373 2616 2586 2665 XXXV
2603 2632 2651 2680 p.
2679 2617 2771 2663 121

650 2693 785 2759 (add.
843 2695 1184 2764 Theophrast.
1232 2699 1385 2753 Char.
1425 2705 1505 2752 21.
1552 2701 1753 2751 Welck.
1797 2700 1923 2766 Syll.
1959 2702 2118 2749 Inser.
2157 2700 2245 2751 Gr.
2285 2717 2330 2765 p.
2375 2702 2468 2750 137
2505 2716 2580 2763 sq.
2635 2697 2805 2749 Cael.-

648 2782 925 2847 Rhodigin.
963 2784 1129 2837 Leett.
1169 2788 1349 2853 Antiq.
1384 2787 1591 2841 XVIII.
1631 2790 1692 2837 28
1732 2804 1781 2852 p.
1821 2787 1920 2836 944
1957 2801 2030 2848 sq.
2069 2794 2120 2835 et
2155 2787 2238 2851 qui
2277 2787 2488 2835 canibus
2537 2794 2586 2835 et
2635 2785 2776 2847 equis

647 2868 883 2931 sepulcra
920 2884 1031 2919 cum
1070 2873 1133 2921 ab
1171 2873 1282 2923 aliis
1320 2880 1423 2923 tum
1462 2874 1523 2922 ab
1560 2874 1822 2923 Hadriano
1860 2873 2131 2921 constituta
2169 2886 2279 2921 esse
2317 2871 2775 2930 docuit‚.Reimar.

645 2952 799 3003 Dion.
839 2953 979 3006 Cass,
1019 2956 1209 3009 LXIX.
1249 2974 1297 3022 p.
1337 2960 1485 3020 1159,
1527 2961 1589 3009 73
1625 2957 1746 3008 Vol.
1783 2957 1877 3009 IV.
1916 2974 1962 3022 p.
1987 2956 2126 3023 660).
2197 2957 2376 3021 Neque
2411 2957 2537 3005 illud
2575 2956 2774 3019 quidem

648 3040 911 3103 quisquam
948 3042 1187 3106 patefecit
1223 3043 1380 3107 (adeo
1418 3045 1547 3095 euim
1584 3044 1720 3093 docti
1758 3040 1988 3093 homiues
2025 3059 2126 3094 non
2165 3050 2342 3092 curant
2393 3056 2572 3102 nosse,
2627 3056 2775 3104 quam

648 3126 819 3175 multis
851 3128 999 3177 rebus
1020 3128 1165 3179 Statii
1193 3130 1419 3179 carmina
1443 3130 1632 3180 referta
1655 3125 1781 3193 sint)
1817 3142 2014 3178 versum
2040 3129 2266 3193 proxime
2290 3129 2595 3193 superiorem
2622 3128 2776 3191 serip-

649 3216 753 3258 tum
792 3226 901 3261 esse
939 3215 1309 3277 praedicandae
1354 3216 1463 3277 ejus
1512 3217 1626 3279 equi
1675 3216 1863 3274 famae,
1917 3216 1978 3263 de
2034 3230 2132 3277 quo
2169 3214 2462 3263 Herodotus
2507 3214 2778 3261 memoriae

646 3294 865 3358 prodidit
901 3295 967 3347 V.
1009 3300 1104 3349 112
1166 3300 1479 3363 Tzetzesque
1518 3299 1649 3349 Chil.
1675 3300 1768 3349 IV.
1791 3303 1886 3349 116
1923 3317 1970 3365 p.
1996 3303 2089 3350 118
2117 3316 2188 3363 sq.
2231 3316 2270 3351 v,
2299 3300 2421 3349 990:
2457 3292 2778 3365 Ἀρτύβιος

648 3374 673 3427 ὁ
714 3372 947 3447 Πέρσης
982 3378 1033 3431 δὲ
1070 3381 1154 3433 τὸν
1190 3382 1336 3434 ἵππον
1374 3381 1660 3455 ἀναθρέψας
1695 3379 1822 3456 Εἶχε
1859 3382 2271 3452 συμπολεμοῦντα
2305 3400 2359 3435 τε
2403 3382 2490 3433 καὶ
2522 3400 2774 3450 συμμεμα·

645 3462 851 3534 χηκότα.
890 3492 951 3503 --·
992 3461 1130 3517 Ἰδὼν
1170 3466 1195 3519 ὁ
1232 3468 1376 3526 ἵππος
1411 3468 1493 3520 τὸν
1530 3470 1684 3521 αὑτοῦ
1723 3468 1959 3539 δεσπότην
2005 3468 2307 3521 πεπτωκότα
2338 3462 2598 3538 ”Optime
2633 3468 2778 3524 στὰς

648 3546 925 3623 ἐμάχετο
962 3552 1087 3619 μετὰ
1123 3558 1213 3605 τοῦ
1250 3549 1508 3623 Ὀνησίλου
1546 3551 1820 3607 Πατάσσων
1855 3556 1947 3626 τὴν
1985 3554 2162 3609 ἀσπίδα
2199 3554 2252 3606 δὲ
2287 3554 2400 3607 ποσὶ
2434 3560 2536 3609 τοῖς
2571 3552 2774 3621 ἐμπροσ-

646 3632 771 3693 θίοις
806 3630 1001 3706 Μικροῦ
1040 3636 1137 3689 δεῖν
1177 3639 1481 3693 ἐναπέκτεινε
1505 3640 1588 3693 τὸν
1617 3636 1823 3712 Κύπρου
1867 3640 2085 3709 βασιλέα,
2122 3637 2184 3692 Εἰ
2217 3642 2286 3713 μὴ
2313 3640 2566 3709 δρεπάνοις
2592 3640 2776 3711 ἔκοψαν

646 3720 946 3775 ὑπασπισταὶ
981 3723 1095 3781 τοὺς
1131 3724 1281 3783 πόδας
1340 3729 1415 3779 cf.
1455 3728 1613 3782 Salm.
1639 3732 1771 3779 Plin.
1799 3730 1982 3780 Exere.
2020 3744 2071 3795 p.
2095 3731 2204 3782 627,
2231 3731 2276 3777 b.
2314 3730 2370 3777 E.
2427 3729 2574 3789 Quod
2601 3745 2775 3794 super-

648 3819 744 3859 est:
794 3812 856 3860 ad
896 3812 1034 3861 illam
1075 3813 1273 3877 Virgilii
1330 3816 1533 3864 neniam
1590 3832 1857 3880 expressos
1911 3816 2130 3865 ferarum
2167 3815 2329 3864 obitus
2367 3818 2501 3880 apud
2539 3815 2776 3865 Ovidium

648 3904 698 3943 et
736 3896 918 3945 Silium
956 3912 1013 3945 ac
1052 3896 1263 3949 Statium
1302 3901 1405 3965 legi
1440 3904 1726 3951 docuerunt
1760 3899 1928 3952 Cel-da
1947 3901 2086 3963 Virg.
2125 3900 2256 3949 Aen.
2277 3900 2400 3953 V11.
2421 3904 2521 3951 483
2547 3917 2595 3965 p.
2617 3904 2677 3951 81
2701 3916 2776 3966 sq.

647 3990 697 4029 et
718 3981 883 4030 Titius
905 3983 1143 4046 Calpur-n.
1164 3985 1273 4040 Ecl.
1296 3986 1388 4040 VI.
1409 3989 1472 4037 35
1498 4003 1544 4051 p.
1568 3988 1670 4037 695
1688 3987 2167 4050 Wernsdorfiusque
2187 3987 2314 4038 Exc.
2336 3986 2485 4035 XVI.
2513 4003 2558 4050 p.
2579 3988 2676 4036 348
2699 4002 2772 4051 sq.

647 4065 820 4129 Atque
862 4070 943 4118 hic
979 4071 1083 4134 jam
1127 4073 1326 4122 tandem
1372 4071 1562 4135 (neque
1606 4073 1738 4121 enim
1785 4071 2098 4122 satisfecerat
2143 4071 2312 4121 officio
2357 4087 2450 4121 suo
2489 4071 2776 4134 Queckius)

648 4168 759 4201 cum
798 4170 991 4205 summa
1027 4172 1142 4206 mea
1176 4158 1437 4223 voluptate
1464 4159 1681 4207 edoceor
1706 4160 1767 4206 de
1797 4157 1944 4207 Statii
1969 4158 2132 4207 verbis
2165 4157 2295 4206 idern
2333 4156 2508 4207 fecisse
2529 4156 2775 4219 judicium

648 4240 1061 4305 Peerlkampium
1100 4242 1209 4293 Aen
1264 4245 1295 4293 l.
1336 4245 1382 4294 d.
1420 4260 1465 4307 p.
1505 4246 1595 4294 45:
1641 4243 1968 4307 „Legendum
2003 4251 2128 4309 puto
2166 4257 2522 4305 cervusque
2559 4243 2775 4293 Maro-

650 4340 793 4373 nem.
837 4326 1160 4377 Psittacus
1199 4330 1494 4393 sepultus
1530 4339 1648 4390 est;
1687 4330 1802 4379 vide
1840 4344 2042 4379 carmen
2071 4327 2253 4383 Ovidii.
2283 4328 2517 4379 Cervus
2553 4328 2776 4377 habuit

648 4410 999 4474 Maronem,
1038 4414 1122 4475 qui
1161 4414 1348 4463 tristem
1384 4415 1642 4465 interitum
1679 4413 1930 4465 deflevit.“
1989 4412 2084 4463 Cui
2123 4414 2284 4464 eidem
2311 4414 2436 4463 Hor.
2457 4414 2686 4466 Car-ml.
2712 4415 2773 4464 16
