3234 4967
624 342 743 407 ¹54
1528 340 1760 395 adnot.
1797 306 1889 391 se}

615 573 681 637 p.
744 548 829 613 V.
899 546 1043 635 Vl).
1145 544 1335 611 Adeo
1406 546 1609 631 igitur
1679 542 2049 632 praevaluit
2121 546 2528 611 auctoritatis
2594 568 2779 632 prae-

620 655 903 744 scriptae
954 652 1352 718 existimatio
1401 661 1468 717 et
1512 651 1724 715 favor.
1785 651 1924 715 Nos
1972 650 2236 739 quidem
2284 660 2351 716 et
2383 651 2778 737 elegantiam

618 760 995 827 Marklandi
1058 782 1258 848 supra
1314 758 1712 825 obtinuimus
1769 757 2044 822 Heinsio
2108 756 2292 846 (licet
2353 758 2526 823 enim
2587 759 2778 823 unius

618 869 744 934 viri
805 866 1292 956 comparatione
1346 887 1485 930 rem
1541 862 1834 929 breviter
1883 862 2188 952 definire)
2237 863 2570 952 aliquanto
2619 866 2778 931 inse-

616 976 857 1044 riorem
906 996 1048 1039 esse
1096 970 1196 1061 (id
1243 971 1420 1059 quod
1464 994 1547 1037 ne
1592 972 2040 1037 Burmannum
2088 972 2350 1061 quidem
2394 974 2646 1037 Lucan.
2685 974 2782 1038 -V.·

624 1082 754 1147 426
802 1106 865 1168 p.
916 1079 1049 1146 340
1096 1099 1191 1167 sq.
1226 1087 1293 1144 et
1340 1077 1473 1143 685
1503 1102 1569 1166 p.
1604 1078 1734 1145 368
1782 1077 1982 1167 fugit)
2032 1088 2100 1144 et
2147 1102 2275 1168 qua
2319 1080 2572 1146 ratione
2618 1102 2780 1145 vera

618 1210 695 1253 ac
739 1187 948 1253 Statio
1018 1185 1221 1271 digna
1280 1194 1615 1268 eruantur,
1689 1186 1789 1268 iis,
1864 1208 2032 1273 quae
2079 1187 2320 1251 unius
2365 1185 2774 1275 perpoliendi

618 1294 923 1360 carminis
982 1293 1202 1379 gratia
1252 1291 1662 1381 protulimuS,
1735 1293 1892 1357 satis
1955 1292 2257 1358 videmur
2317 1294 2372 1357 si
2438 1316 2570 1359 non
2629 1292 2778 1358 edo-

619 1402 853 1483 cuisse,
878 1408 949 1465 at
971 1399 1384 1466 admonuisse
1403 1398 1782 1487 expleturos
1799 1408 2022 1487 partes
2037 1402 2179 1489 jam
2203 1399 2470 1465 tandem
2491 1401 2777 1465 maxime

618 1507 701 1574 ab
726 1507 941 1572 lmho
959 1508 1103 1590 fio,
1130 1506 1273 1595 viro
1302 1507 1477 1571 omni
1500 1505 1698 1571 laude
1727 1505 2131 1592 dignissimo,
2159 1506 2518 1571 inchoatas
2579 1506 2778 1589 Quod

620 1613 927 1679 damnum
958 1614 1013 1677 si
1046 1613 1221 1702 quod
1262 1621 1379 1695 est,
1412 1611 1596 1677 licuit
1627 1614 1723 1677 ita
1745 1635 2195 1701 compensare,
2229 1624 2302 1679 ut
2334 1637 2502 1702 quae
2533 1615 2602 1679 in
2633 1636 2780 1679 con-

620 1718 965 1785 scribendo
982 1719 1535 1785 Emendationum
1559 1720 2140 1807 Propertianarum
2165 1720 2336 1787 libro
2362 1721 2776 1787 versantibus

620 1826 706 1891 ad
742 1825 936 1892 Statii
972 1826 1263 1891 carmina
1297 1827 1698 1914 pertinentia
1731 1827 1924 1915 copia
1965 1828 2090 1893 fuit
2123 1827 2418 1915 disperse
2445 1837 2512 1893 et
2545 1828 2777 1893 diffuse

619 1932 1120 2015 commentandi,
1154 1941 1593 2001 commentata
1631 1942 1705 1998 ut
1743 1942 1932 1999 erant
1973 1935 2159 2021 quasi
2183 1935 2506 2022 quaedam
2532 1936 2781 2023 conjec-

618 2039 817 2105 fanea
862 2038 1423 2128 subjungeremus.
1517 2040 1701 2125 Ergo
1754 2040 1808 2105 si
1861 2040 2006 2127 quis
2054 2050 2169 2108 aut
2213 2042 2297 2107 ab
2350 2042 2616 2127 ingenio
2667 2050 2778 2105 aut

618 2146 701 2212 ab
774 2147 906 2211 otio
978 2154 1093 2213 aut
1161 2168 1202 2211 a
1258 2146 1441 2213 libris
1502 2146 1734 2213 melius
1792 2148 2154 2212 instructus
2219 2157 2319 2214 est
2365 2147 2546 2235 (utar
2605 2147 2778 2212 enim

618 2252 837 2319 verbis
896 2251 1272 2319 Casauboni
1326 2254 1544 2319 Praef.
1605 2252 1929 2341 Polyaen.
1977 2277 2042 2342 p.
2092 2254 2290 2345 VIII)
2346 2253 2776 2341 ingrediatur,
2817 2331 2834 2342 .

621 2360 926 2447 agedum,
989 2357 1416 2427 curriculum:
1481 2360 1678 2427 modo
1737 2384 1820 2425 ne
1880 2360 2024 2444 sibi,
2083 2384 2164 2426 ne
2213 2362 2400 2427 nobis
2449 2362 2648 2427 desit:
2696 2384 2780 2427 en

624 2466 817 2533 trado
864 2465 1255 2554 lampadem.
1707 2462 1728 2473 ⁴

803 2607 1270 2674 Friedlandiae
1303 2607 1390 2673 D.
1432 2607 1556 2673 XI.
1598 2608 1691 2674 M.
1728 2607 2034 2675 Octobris
2065 2608 2148 2674 A.
2181 2609 2781 2677 MDOOOLXVII.
