3234 4967
611 314 731 379 1Οὸ
1498 319 1718 371 Adnot.
1757 320 1837 371 68.

612 524 1005 612 propagavit
1065 524 1421 606 Queckiuss
1472 526 1727 615 Atqui
1723 529 1932 651 ipsam
1989 528 2164 596 illam
2213 530 2519 615 litteram,
2569 536 2753 623 cujus

594 632 1027 696 mutationem
1060 640 1239 696 certo
1274 642 1339 696 et
1372 634 1756 700 confirmato
1789 636 2004 701 animo
2038 636 2474 703 Maiklandus
2520 640 2750 723 edixit,

602 759 724 802 nec
768 737 837 801 in
884 736 1027 801 aliis
1074 736 1233 802 locis
1281 760 1427 803 cum
1461 738 1673 805 altera
1706 740 2135 819 dissimillima
2165 745 2562 829 permixtam
2611 768 2752 811 esse

602 844 943 932 quisquam
1012 842 1227 909 adhuc
1294 844 1551 911 idoneis
1621 846 1940 935 exemplis
2010 850 2468 937 comprobavit
2537 863 2603 917 et
2649 854 2754 917 hic

604 950 867 1016 abolere
944 950 1105 1016 artis
1183 953 1446 1017 criticae
1525 955 1896 1040 praeceptis
1969 964 2274 1029 ,vetamur
2351 958 2754 1024 certissimis.

605 1058 959 1123 Praeterea
1004 1056 1419 1124 librariorum
1454 1074 1840 1125 consensum
1889 1062 1975 1127 ad
2021 1063 2325 1151 injuriam
2374 1066 2752 1131 notissimae

601 1165 747 1229 voci
794 1164 1166 1231 faciendam
1214 1167 1626 1254 conspirasse
1673 1188 1750 1232 eo
1783 1168 1995 1234 minus
2043 1168 2356 1235 credibile
2405 1183 2524 1254 est,
2573 1172 2749 1259 quod

599 1294 731 1336 non
781 1271 937 1336 satis
986 1270 1259 1337 eruditis
1307 1272 1583 1343 licuerat
1631 1273 1838 1339 verba
1883 1296 1963 1339 ea
2007 1274 2112 1341 vel
2171 1276 2238 1339 in
2287 1275 2454 1343 hanc
2501 1287 2756 1343 senten-

604 1377 763 1443 tiam
818 1386 1207 1446 connectere
1266 1387 1463 1465 atque
1534 1378 1898 1466 explicare:
1971 1402 2246 1468 puerum
2317 1382 2542 1468 lingua
2609 1383 2754 1450 sali-

600 1483 851 1571 busque
896 1484 1216 1551 nimium
1260 1494 1760 1572 protervum.

776 1590 1159 1677 Itaquetot
1205 1592 1487 1679 inceptis
1534 1592 1874 1657 doctorum
1934 1591 2264 1657 hominum
2325 1591 2487 1657 nihil
2536 1603 2754 1659 actum

602 1704 721 1761 est.
744 1762 753 1773 ‚
772 1696 1063 1777 Quorum
1090 1718 1281 1762 nemo
1304 1720 1469 1763 unus
1492 1700 1852 1785 perspexit,
1885 1696 2056 1763 unde
2075 1696 2235 1765 mali
2260 1697 2444 1764 labes
2467 1697 2754 1767 fluxerit.

601 1802 895 1890 Namque
938 1802 1113 1869 illam
1162 1802 1491 1884 scribendi
1512 1864 1517 1869 .
1535 1805 1926 1873 varietatem
1947 1804 2192 1892 ‘potius
2209 1854 2227 1887 ,
2295 1820 2494 1891 'quam
2541 1804 2748 1870 diver-

604 1910 891 1991 sitatem,
950 1912 1135 1998 cujus
1189 1910 1256 1973 in
1306 1896 1463 1978 'aliis
1526 1910 1924 1977 carminibus
1993 1911 2272 1997 plurima
2339 1910 2754 1976 inveniuntur

606 2014 1029 2097 documenta,
1102 2026 1173 2080 ut
1242 2017 1417 2105 apud
1485 2015 1860 2084 Martialem
1905 2016 2094 2083 XIV.
2143 2018 2290 2098 202,
2347 2019 2380 2080 1
2455 2016 2752 2081 simius.

601 2122 795 2189 Voss.
860 2120 1143 2189 similis.
1206 2122 1315 2189 Vl.
1389 2124 1499 2207 39,
1570 2124 1611 2189 9
1685 2125 1888 2189 sima
1957 2145 2137 2189 nare.
2212 2121 2433 2189 Berol.
2505 2124 2754 2188 simia.

595 2226 943 2309 'Wolfenh
993 2251 1291 2295 summa
1328 2228 1446 2317 (cf.
1481 2229 1685 2296 Anth.
1731 2229 1878 2297 Lat.
1910 2229 2038 2295 ΙΙΙ.
2069 2230 2220 2311 292,
2269 2219 2379 2295 29‘
2403 2230 2766 2295 exsinua-

600 2334 715 2401 bat
759 2335 1056 2401 amictus.
1104 2336 1296 2403 Voss.
1370 2334 1878 2424 exuuia-b-at).
1938 2334 2092 2401 VII.
2124 2336 2250 2418 .87,
2298 2336 2342 2399 4
2411 2335 2758 2403 similem

611 2440 1157 2529 cercopithecon-
1186 2442 1573 2529 Cannegiet.
1604 2442 1860 2509 Avian.
1913 2441 2018 2524 14,
2066 2443 2108 2507 3
2154 2465 2220 2529 p.
2271 2442 2419 2527 100,
2465 2441 2535 2507 id
2579 2442 2760 2531 quod

602 2548 776 2633 fugit
806 2548 1356 2616 Schneidevinum
1388 2572 1455 2637 p.
1488 2548 1642 2631 315,
1676 2549 1956 2617 simum
1997 2557 2064 2613 et
2095 2570 2260 2636 quos
2291 2558 2759 2615 commemorat

602 2654 917 2719 Heinsius
973 2653 1167 2721 Ovid.
1231 2656 1405 2721 Fast.
1467 2653 1559 2719 lll.
1625 2653 1754 2721 754
1810 2652 2059 2742 p..215
2098 2676 2198 2742 sq.
2257 2655 2369 2731 (cf.
2418 2654 2641 2721 adnot.
2692 2678 2754 2720 v.

605 2760 691 2825 26
739 2770 807 2826 et
854 2761 992 2847 24),
1040 2762 1334 2849 quisquis.
1376 2760 1760 2827 recordatus
1816 2760 2020 2827 fuerit
2071 2760 2216 2825 vitii
2275 2782 2484 2846 genus
2527 2770 2759 2827 natum

608 2863 766 2933 illud
814 2890 935 2955 per
980 2890 1093 2933 eas
1140 2889 1365 2955 „quas
1394 2868 1809 2953 grammatici
1841 2866 2282 2955 synaloephas
2313 2877 2380 2933 et
2413 2866 2760 2956 ecthlipses

606 2971 985 3061 appellant“
1056 2973 1319 3061 (Vinet.
1380 2974 1632 3041 Auson.
1691 2972 1868 3039 Prof.
1931 2975 2015 3041 10
2057 2996 2138 3063 p.
2191 2974 2340 3041 188.
2436 2972 2760 3040 Subsiciv.

607 3088 811 3145 nostr.
850 3078 1145 3168 (Philol.)
1178 3078 1263 3144 V.
1296 3103 1357 3167 p.
1397 3080 1545 3149 735.
1592 3078 1924 3147 Emendd.
1957 3079 2150 3167 Prop.
2180 3102 2323 3168 cap.
2349 3080 2433 3143 V.
2461 3080 2544 3145 cf.
2569 3079 2760 3168 hujus

612 3183 882 3271 eclogae
932 3208 994 3269 v.
1043 3184 1129 3251 49
1176 3206 1407 3255 verum
1454 3196 1664 3253 erat:
1724 3184 2008 3252 vulnere
2067 3186 2196 3275 at),
2255 3208 2388 3251 non
2435 3186 2763 3253 dubitabit

612 3292 705 3357 sic
736 3290 1117 3374 dissolve-re,
1166 3301 1241 3357 ut
1271 3292 1476 3359 verba
1514 3292 1794 3379 lingua
1843 3293 2156 3359 simium
2203 3292 2290 3358 ad
2320 3294 2491 3359 hunc
2521 3302 2762 3360 statum

616 3407 909 3465 revocet:
968 3398 1677 3485 linguaeximium.
1793 3399 1961 3465 Nam
2015 3398 2270 3465 litteras
2327 3423 2369 3465 a
2425 3409 2492 3465 et
2535 3422 2614 3465 ae
2663 3399 2766 3489 (ut

617 3528 681 3569 v.
734 3505 815 3570 78
861 3504 1165 3571 invidia:
1212 3504 1555 3573 invidiae.
1604 3505 1801 3592 Prop.
1849 3504 1968 3571 IV.
2001 3506 2064 3588 3,
2111 3505 2202 3569 40
2231 3527 2460 3593 parca.
2494 3504 2761 3572 Lachm.

611 3609 784 3677 Parc
800 3609 921 3701 ae)
969 3620 1213 3679 temere
1260 3612 1327 3677 in
1377 3611 1549 3677 omni
1597 3612 1988 3699 scriptorum
2019 3632 2262 3697 genere
2294 3622 2574 3679 mutatas
2621 3614 2764 3700 quis

612 3717 866 3783 nescit?
914 3719 982 3785 in
1026 3718 1322 3786 confesso
1371 3726 1589 3783 autem
1651 3728 1750 3785 est
1795 3726 1864 3783 et
1919 3720 2168 3807 juxta
2223 3719 2458 3807 justa
2523 3720 2772 3785 factum.

621 3846 765 3892 esse
812 3823 1078 3894 Santen.
1128 3824 1394 3891 Terent.
1429 3824 1646 3893 Maur.
1680 3823 1892 3891 Praef.
1930 3825 2011 3889 27
2059 3848 2122 3911 p.
2159 3826 2199 3891 3
2247 3825 2328 3889 cf.
2359 3825 2524 3893 Stat.
2560 3825 2765 3891 Theb.

613 3930 775 3996 XII.
826 3930 957 3997 589
994 3927 1239 4019 justa
1272 3932 1390 3997 ira.
1484 3930 1607 3997 Ms.
1669 3928 2026 3997 Lindenbr.
2076 3934 2348 4019 juxta,
2403 3930 2766 4019 Aesopum

609 4036 946 4125 Exopum
1000 4038 1067 4103 in
1112 4036 1304 4105 Voss.
1352 4038 1394 4103 3
1437 4034 1679 4104 Avian.
1743 4036 1960 4105 Praef.
2029 4062 2094 4125 p.
2163 4037 2240 4121 5,
2307 4038 2772 4105 esuritionum

620 4141 865 4209 Catuli.
915 4144 1023 4227 21,
1077 4144 1109 4207 1
1160 4144 1227 4209 in
1272 4144 1427 4211 Dat.
1476 4144 1671 4209 Laur.
1720 4143 2186 4210 exuritionum
2219 4144 2446 4225 01:23,
2486 4143 2570 4207 14
2615 4166 2772 4207 esu-

628 4249 971 4317 ritione-in
1002 4249 1155 4316 Dat.
1207 4251 1594 4317 exui-itione
1645 4248 1748 4339 (ut
1778 4248 2030 4315 Arnob.
2061 4250 2144 4315 V.
2196 4248 2278 4315 28
2327 4247 2452 4315 lux
2469 4249 2770 4315 uriam-ie.

628 4353 772 4419 cod.
824 4376 978 4421 vere
1028 4355 1431 4449 surientis),
1481 4355 1766 4444 Elysias
1799 4355 1994 4445 Prop.
2042 4354 2161 4422 IV.
2199 4355 2257 4439 7,
2291 4355 2380 4418 60
2409 4357 2476 4419 in
2507 4354 2770 4421 Askew.
