3234 4967
1211 423 1519 487 *Conjeen
1556 422 1654 475 IV.
2405 422 2502 477 173

358 610 409 659 p.
450 596 599 645 1103.
669 594 845 645 Heius.
884 590 1151 647 Claudian.
1188 592 1311 645 Rus.
1336 592 1363 642 Ι
1396 592 1567 645 Praef.
1604 595 1640 643 4
1674 608 1728 657 p.
1763 594 1844 643 27.
1915 590 2086 644 Bross.
2125 592 2352 644 Cassiod.
2377 592 2504 643 Var.

360 680 459 729 111.
478 681 545 730 45
566 696 615 744 p.
636 680 784 735 50,-b.
839 678 939 729 Hic
974 695 1099 729 vero
1134 695 1322 743 magna
1360 680 1609 813 Quaedam
1647 674 1898 729 dubitatio
1935 678 2052 728 ind'e
2089 670 2328 742 injicitur,
2365 681 2503 743 quod

360 764 687 814 Phoebum
735 780 1000 815 mersum
1036 766 1335 817 Marcianus*
1414 780 1494 829 ap.
1530 761 1607 813 11.
1638 766 1702 814 98
1739 779 1788 828 p.
1831 764 1952 822 139,
2007 762 2255 813 Phoebi
2311 778 2504 827 equos
2553 770 2564 777 “

361 865 641 914 aequore
678 866 943 912 mersos,
990 848 1203 901 Solem
1240 849 1394 899 mari
1434 862 1499 898 se
1547 846 2025 913 immergantem
2071 848 2216 897 multi
2263 848 2506 897 dixerunt

362 932 560 999 (Heius.
597 934 741 987 Ovid.
780 936 904 987 Met.
945 936 1052 986 VII
1106 937 1207 985 324
1242 952 1289 999 p.
1327 936 1429 985 480
1454 949 1527 997 sq.
1572 933 1746 987 Burm.
1788 936 1962 991 Anth..
1987 935 2102 985 Lat.
2139 934 2195 984 Π
2230 950 2282 999 p.
2321 934 2420 984 299
2457 942 2508 983 et

362 1022 461 1072 695
497 1022 551 1069 in
586 1020 761 1085 Epigr.
784 1022 852 1072 V.
881 1024 1036 1081 1,48:
1080 1020 1216 1085 „Sol,
1252 1022 1335 1071 cui
1371 1022 1642 1070 merenti
1680 1020 1834 1071 servit
1868 1019 2019 1069 maris
2055 1021 2192 1069 unda
2227 1018 2503 1083 teporcm‚“

361 1108 447 1155 ubi
484 1107 792 1156 marcenti
829 1114 1051 1157 servat
1086 1108 1288 1155 videtur
1323 1106 1561 1170 scriptum
1600 1106 1772 1166 fuisso,
1810 1114 1868 1154 ut
1903 1106 2040 1169 apud
2077 1102 2416 1153 Claudianum
2441 1103 2507 1155 R.

272 1204 277 1215 ’
366 1192 514 1244 Pros.
533 1194 574 1242 Ι.
599 1193 721 1242 109:
763 1192 995 1253 „deserta
1032 1206 1317 1241 marcens
1350 1191 1600 1253 inglorius
1626 1189 1772 1239 aula“
1813 1191 1910 1245 vid,
1947 1192 2116 1239 adnot.
2139 1188 2250 1237 Ecl.
2275 1191 2304 1238 8
2324 1204 2374 1252 p.
2400 1190 2508 1251 18),

364 1291 513 1325 nemo
561 1276 943 1341 Apollinem
988 1291 1270 1328 mersum.
1340 1276 1493 1325 Unde
1544 1276 1708 1324 ducor
1761 1276 1826 1324 ad
1871 1274 2234 1339 suspicandum
2286 1273 2350 1321 ab
2395 1274 2508 1337 ipso

364 1360 527 1411 Statio
564 1362 663 1412 hoe
698 1361 865 1431 potius
902 1362 1141 1424 scriptum
1179 1360 1361 1410 fuisse:

682 1481 807 1544 Quis
842 1487 1001 1537 sterili
1038 1502 1152 1537 mea
1188 1488 1343 1539 eorda
1380 1489 1498 1549 situ,
1536 1489 1652 1551 quis
1689 1487 1938 1551 Apolline
1973 1486 2202 1537 inert'il
2248 1522 2334 1535 ..-

364 1606 439 1657 Ut
475 1607 652 1660 Sidon.
691 1611 917 1677 Apollin.
958 1614 1023 1667 V.
1062 1614 1187 1665 373:
1247 1630 1411 1679 „quae
1465 1614 1625 1665 fanda
1679 1614 1800 1665 mihi
1853 1615 1965 1664 vel·
1995 1612 2244 1679 Apolline
2293 1612 2506 1663 'muto“

364 1690 523 1755 (Stat.
561 1696 725 1747 Theb.
762 1696 859 1749 111.
893 1702 987 1749 107
1024 1702 1234 1749 tacito
1272 1726 1335 1736 -
1373 1694 1678 1762 Phoebo)
1715 1700 1777 1753 ef.
1816 1698 1992 1751 Bul-m.
2030 1697 2185 1763 Prop.
2217 1698 2407 1759 11.'21,
2445 1700 2511 1750 36

364 1794 416 1843 p.
453 1780 567 1829 416.
641 1781 863 1833 Martial.
902 1784 973 1839 11.
1000 1786 1081 1845 89,
1114 1786 1176 1835 3:
1216 1782 1486 1847 „Carmina
1522 1788 1658 1849 quod
1697 1784 1875 1835 scribis
1912 1786 2074 1835 Musis
2113 1794 2164 1833 et
2199 1786 2514 1849 Apolline

366 1864 609 1915 nu110.“
684 1867 951 1920 Claudian.
988 1868 1163 1935 Epigr.
1201 1870 1284 1931 31,
1320 1872 1381 1922 4:
1422 1868 1693 1933 „Carmina
1729 1871 1838 1921 sola
1870 1872 2068 1934 loquor.
2105 1868 2188 1919 Sic
2228 1886 2306 1919 me
2343 1886 2512 1921 meus

365 1950 547 2015 implet
598 1952 883 2017 Apollo.“
976 1955 1170 2009 Licent.
1227 1958 1293 2006 ad
1350 1957 1625 2020 Augustin.
1664 1958 1759 2007 32:
1817 1957 1938 2020 „tibi
1989 1963 2213 2005 noster
2264 1948 2514 2021 Apollo

368 2032 579 2086 Corda
602 2035 805 2103 ¹replet“
846 2038 934 2103 (cf.
974 2040 1146 2094 Burm‚
1187 2041 1347 2091 Anth.
1385 2040 1498 2097 Lat,
1535 2040 1604 2092 11.
1644 2044 1806 2102 184,7
1843 2058 1894 2107 Ρ.
1919 2042 2016 2093 358
2039 2040 2140 2105 sq.)
2179 2039 2308 2090 Stat.
2347 2040 2515 2092 Theb.

367 2112 435 2171 X.
474 2124 601 2174 207:
642 2125 828 2186 „redde
864 2123 995 2174 haee
1030 2125 1280 2177 Parnasia
1316 2136 1457 2177 serta
1491 2142 1734 2190 meosque
1769 2126 1946 2177 Redde
1982 2126 2146 2177 deos.“
2215 2124 2366 2177 Ovid.
2393 2127 2514 2177 Her.

367 2204 488 2257 XV.
531 2209 657 2259 188:
690 2209 761 2257 Et
795 2208 959 2259 forma
994 2219 1043 2261 et
1079 2212 1269 2261 meritis
1303 2224 1359 2261 tu
1395 2212 1517 2261 mihi
1553 2212 1856 2261 Phoebus
1895 2213 2007 2263 eris.
2067 2212 2245 2263 Sidon.
2283 2211 2513 2276 Apollin.

366 2290 527 2356 Epist.
578 2292 729 2344 Vm.
766 2297 797 2345 9
839 2312 888 2360 p.
926 2299 1041 2349 518.
1122 2298 1283 2350 Anth.
1320 2296 1433 2347 Pal.
1470 2296 1567 2347 IX.
1608 2298 1724 2357 551,
1761 2298 1820 2348 3:
1865 2288 1966 2347 Τεῦ
2011 2294 2159 2367 χάριν.
2203 2292 2230 2345 ὁ
2276 2293 2518 2364 προδότης

370 2372 501 2442 ὄρνις
536 2375 615 2427 ἀεὶ
650 2377 861 2448 λέγεται,
898 2374 1133 2448 Φοῖβος
1168 2378 1285 2453 ἐρεῖ,
1321 2383 1383 2431 de
1418 2397 1521 2446 quo
1558 2381 1926 2446 explicavimus
1963 2379 2132 2446 Symb.
2173 2380 2317 2434 Critt.
2359 2382 2517 2435 Anth.

372 2460 457 2514 Gr.
496 2461 563 2515 X.
601 2480 650 2529 p.
688 2468 753 2516 23
796 2466 859 2515 of.
896 2466 1023 2517 Stat.
1062 2468 1229 2519 Theb.
1265 2467 1364 2518 IV.
1402 2468 1519 2519 651.
1591 2466 1717 2517 silv.
1757 2466 1822 2519 ΙΙ,
1863 2468 1912 2528 3,
1950 2468 1998 2517 6.
2069 2466 2260 2515 Lucan.
2298 2467 2340 2516 Ι.
2380 2468 2518 2529 681).

369 2546 503 2601 Add.
523 2548 669 2601 Ovid.
690 2550 813 2605 Her.
840 2550 994 2603 XVI.
1020 2554 1139 2604 158:
1175 2551 1315 2614 „Nee
1335 2552 1545 2603 Venus
1583 2568 1652 2602 ex
1677 2559 1788 2601 toto
1827 2562 2058 2601 nostra
2092 2552 2269 2603 fuisset
2292 2548 2514 2601 iners.“

372 2633 503 2686 Stat.
544 2632 711 2685 Theb.
747 2620 843 2687 XI.
881 2639 1011 2689 485:
1062 2638 1346 2703 „Numen
1380 2638 1556 2687 iners
1599 2638 1816 2703 pacique
1856 2636 2058 2687 datum“
2127 2636 2194 2687 cf.
2230 2634 2354 2689 Silv.
2392 2637 2434 2687 1.
2473 2638 2520 2699 3,

373 2720 463 2769 80:
504 2720 736 2780 „inerti
781 2722 1077 2773 strinximus
1113 2722 1284 2773 areu.“
1359 2718 1632 2771 Praeclare
1669 2716 1839 2771 autem
1875 2722 1997 2771 huie
2033 2722 2362 2785 conjecturae
2415 2721 2520 2772 suf-

370 2802 601 2867 fragatur
636 2820 697 2855 ea
730 2822 837 2868 res,
894 2810 1029 2871 quod
1064 2810 1119 2857 in
1154 2808 1520 2871 Rehdigerano
1557 2808 1690 2856 libro
1728 2809 1915 2857 omissa
1949 2816 2027 2857 est
2073 2822 2178 2856 vox
2228 2808 2421 2856 menti
2469 2809 2521 2857 in

374 2878 515 2939 exitu
551 2892 769 2955 proximi
806 2908 984 2942 versus
1020 2892 1201 2957 posita.
1274 2892 1425 2942 Unde
1463 2908 1565 2941 non
1602 2893 1756 2941 dubie
1796 2892 2058 2955 colligitur
2096 2893 2220 2943 olim
2269 2893 2522 2941 exstitisse

372 2990 549 3025 versus
584 2976 703 3027 illos
738 2992 831 3041 per
867 2993 981 3027 eum
1020 2994 1258 3037 errorem,
1296 2977 1440 3041 cujus
1478 2978 1671 3027 indicio
1708 2986 1826 3027 sunt
1860 2978 1942 3028 vel
1973 2992 2130 3027 voees
2171 2992 2329 3027 more
2368 2986 2421 3027 et
2457 2979 2522 3025 in

373 3075 485 3110 ore
520 3060 701 3115 Burm,
732 3061 877 3117 Ovid,
915 3062 1038 3112 Her.
1076 3062 1143 3114 X.
1184 3064 1281 3113 137
1318 3079 1367 3127 Ρ.
1410 3064 1533 3125 146,
1582 3064 1800 3112 multus
1849 3070 1901 3112 et
1943 3064 2177 3113 inultus
2221 3062 2386 3113 Drak.
2429 3061 2520 3115 Sil.

374 3144 471 3195 lv.
510 3146 574 3197 16
609 3162 660 3213 Ρ.
700 3149 798 3198 186
834 3149 1129 3213 permixtae,
1168 3150 1265 3198 hoc
1302 3150 1451 3199 modo
1488 3138 1756 3199 exaratbs:
2189 3142 2192 3147 ’

716 3276 844 3337 Quis
880 3276 1038 3325 sterili
1076 3292 1187 3326 mea
1222 3277 1376 3326 corda
1412 3277 1512 3326 situ
1548 3277 1660 3340 quis
1699 3276 1949 3347 Apolline
1985 3276 2176 3325 menti

714 3360 927 3425 Frigida
964 3362 1232 3410 damnatae
1266 3363 1547 3427 praeduxit
1582 3362 1760 3411 nubila
1795 3362 2014 3422 menti,

376 3495 511 3553 post,
551 3502 703 3551 quum
738 3488 923 3538 vitiosa
958 3489 1140 3539 merito
1176 3488 1385 3539 fastidio
1422 3498 1787 3554 spernerentur
1823 3491 2120 3554 consulique
2147 3504 2353 3554 quoquo
2380 3491 2528 3540 modo

376 3574 647 3623 verborum
672 3573 947 3637 integritati
977 3582 1213 3638 coeptum
1240 3583 1385 3636 esset,
1423 3590 1595 3624 verum
1621 3576 1938 3625 intercidisse
1965 3574 2253 3639 utrobique,
2278 3574 2330 3623 in
2354 3576 2528 3639 priore

375 3658 493 3710 loeo
530 3660 735 3723 penitus
770 3659 824 3709 id
859 3659 1133 3719 insedisse,
1172 3662 1310 3723 quod
1346 3660 1599 3710 vocabulo
1650 3661 1836 3709 merti
1875 3658 1998 3722 (vid.
2039 3659 2274 3723 Conjeet.
2313 3660 2389 3723 V)
2425 3658 2530 3710 suf-

324 3810 331 3815 ·
377 3738 529 3793 ficere
555 3743 709 3793 obvia.
736 3744 1020 3808 corrigendi
1048 3746 1245 3795 ratione
1273 3746 1573 3809 quibusdam
1602 3746 1964 3796 succurrisset:
2001 3759 2164 3794 mers
2177 3760 2222 3795 0.
2277 3743 2388 3793 Nec
2407 3760 2528 3794 vero

377 3837 481 3877 tam
531 3830 719 3893 insigni
753 3828 1107 3894 Rehdigerani
1161 3830 1277 3880 libri
1329 3832 1700 3895 discrepantiae
1748 3831 1962 3879 intendit
2007 3828 2252 3879 Imhofius
2303 3830 2366 3877 de
2405 3826 2530 3879 Silv.

380 3910 594 3963 Condic.
632 3910 757 3964 orit.
794 3930 843 3979 p.
866 3918 924 3966 7:
964 3914 1255 3977 „Versum
1292 3914 1674 3979 Apollinem
1713 3916 1875 3979 probe
1911 3914 2009 3964 dici
2047 3929 2200 3979 posse
2235 3916 2410 3963 eadem
2439 3929 2530 3963 no-

380 3998 547 4060 tione,
602 4014 703 4062 qua
759 4014 1025 4049 aversum
1074 3998 1298 4051 Jovem
1346 3999 1455 4064 ipse
1502 3998 1702 4049 Statius
1749 4000 1914 4061 Theb.
1951 3999 2018 4049 X.
2057 4002 2122 4049 70
2169 4008 2220 4048 et
2265 4014 2532 4049 aversas

378 4082 591 4133 Musas
614 4083 827 4134 Ovidius
852 4083 968 4133 Am.
994 4082 1092 4135 111.
1117 4086 1179 4133 12
1216 4086 1457 4145 dixerint,
1494 4075 1880 4134 concedendum
1917 4091 1999 4133 est
2023 4112 2105 4143 -—,
2134 4085 2200 4133 ab
2238 4084 2333 4133 hoe
2359 4093 2528 4133 autem

377 4168 496 4219 loco
525 4161 733 4219 'alienus
758 4177 833 4219 est
868 4185 1136 4219 aversus
1163 4170 1419 4233 Apollo,
1478 4170 1672 4220 Statius
1699 4166 1848 4230 enim,
1886 4178 1943 4218 ut
1967 4170 2110 4231 solet,
2148 4168 2533 4219 artificiosorum

379 4255 625 4304 orationis
662 4254 907 4316 luminam
945 4263 1190 4320 captator,
1228 4257 1291 4304 ad
1328 4256 1523 4321 duplex
1548 4255 1813 4321 Apollinis
1841 4270 2024 4304 munus
2052 4256 2250 4317 alludit,
2289 4270 2391 4318 quo
2416 4255 2534 4303 fun-

379 4340 518 4403 gitur
553 4348 605 4389 et
642 4340 907 4390 Musarum
943 4355 1151 4406 praeses
1189 4349 1239 4389 et
1275 4342 1397 4392 solis
1451 4349 1637 4391 rector.
1707 4339 1762 4391 Is
1799 4355 1952 4404 quum
1990 4340 2085 4389 sibi
2139 4355 2380 4390 mersus
2427 4340 2534 4400 sit,

383 4425 645 4485 occiderit,
676 4424 801 4490 jam,
838 4441 969 4489 quae
997 4440 1236 4476 oceasum
1273 4426 1396 4476 solis
1432 4427 1579 4489 sequi
1604 4427 1790 4487 solent,
1825 4422 2080 4490 frigida
2113 4426 2278 4474 noctis
2313 4424 2538 4474 nubila

1649 4510 1653 4514 ’
1697 4523 1700 4526 ·
2021 4508 2120 4559 12*
