3234 4967
723 391 823 441 266
1565 387 1852 454 Conject.
1890 391 2040 447 xlx.

1279 560 1478 611 frenata
1513 560 1616 611 suis
1650 561 2029 613 incursibus
2064 564 2280 616 intrant·
2598 614 2601 617 ,

719 645 792 697 Ut
825 644 1024 698 Lucan.
1059 642 1155 694 IV.
1195 644 1320 696 763:
1377 660 1476 695 nec
1510 645 1703 710 profuit
1738 647 1829 697 ulli
1867 646 2173 713 Cornipedis
2213 649 2408 714 rupisse
2444 657 2637 701 moras:
2690 664 2863 713 neque

692 732 854 781 *enim
912 731 1190 794 impetus
1249 729 1350 779 illis
1409 724 1847 797 Incursusque
1907 731 2055 784 fuit.“
2128 734 2269 785 Oud.·
2318 734 2546 785 Frontin.
2606 734 2704 785 IV.
2744 738 2791 795 1,
2828 738 2861 784 8

719 828 768 876 p.
804 818 904 866 411
967 823 1020 866 et
1054 814 1184 864 Hirt.
1223 812 1286 864 Β.
1350 812 1485 866 Gall.
1523 816 1677 869 VIII.
1719 818 1806 877 18,
1842 819 1877 867 4
1912 830 1959 877 p.
1997 820 2095 886 471
2160 826 2212 869 et
2248 818 2431 883 Veget.
2468 820 2566 873 111.
2606 821 2637 870 6
2674 832 2719 879 p.
2759 820 2863 869 329

719 901 867 955 Misc‚
929 898 1077 948 Obss.
1115 898 1267 953 VIII.
1339 900 1512 954 Burm.
1568 898 1717 949 Ovid.
1780 902 1904 951 Met.
1945 903 2096 957 VIII.
2136 906 2237 954 340
2296 917 2343 963 p.
2384 906 2481 955 582
2544 910 2595 953 et
2644 903 2861 964 Quintil.

718 985 868 1035 Deel.
903 982 1054 1033 XIII.
1094 984 1156 1033 19
1193 996 1241 1041 1).
1281 984 1395 1034 294.
1467 984 1630 1039 Drak.
1671 986 1787 1037 Liv.
1822 986 1891 1040 11.
1930 990 2011 1049 14,
2050 990 2080 1038 6
2118 1001 2166 1047 p.
2208 991 2307 1039 124
2360 988 2423 1039 cf.
2462 986 2643 1039 Arntz.
2681 986 2861 1041 Aurel.

661 1089 667 1096 ·
718 1069 859 1120 Vict.
898 1068 1036 1135 Epit.
1077 1070 1121 1128 1,
1161 1069 1224 1119 13
1263 1081 1308 1129 p,
1348 1070 1464 1119 452.
1538 1070 1786 1121 Buenem.
1824 1070 1968 1124 Lact.
2004 1075 2130 1125 Inst.
2169 1076 2238 1125 11.
2280 1076 2359 1135 15,
2399 1076 2429 1124 6
2484 1086 2528 1133 p.
2568 1075 2683 1123 267.
2738 1074 2858 1123 add.

721 1154 988 1207 Claudian,
1027 1152 1111 1203 Pr.
1152 1150 1305 1203 Cous.
1346 1150 1458 1204 Stil.
1494 1154 1536 1206 I.
1577 1156 1702 1205 216:
1742 1154 1905 1207 Omne
1944 1160 2078 1221 quod
2102 1158 2363 1209 Oceanum
2398 1157 2671 1221 fontesque
2706 1159 2863 1207 iriter-

712 1240 853 1303 jacet
886 1236 1017 1298 Istri,
1053 1236 1217 1287 Unius
1251 1238 1518 1287 incursu
1554 1237 1813 1291 tremuit.“
1883 1242 2077 1294 Lucan.
2116 1244 2240 1295 V11.
2281 1247 2408 1295 700:
2480 1244 2707 1293 turbatos
2765 1243 2861 1292 in-

661 1348 667 1357 ,
721 1339 912 1375 cursu
948 1337 1056 1373 san
1071 1322 1285 1386 guinis
1323 1323 1548 1374 amnes.“
1617 1324 1714 1375 IV.
1752 1328 1852 1377 409
1889 1328 2026 1383 belli,
2075 1329 2169 1381 VI.
2211 1330 2309 1381 269
2346 1328 2540 1383 Martis,
2580 1326 2752 1382 Schol.
2788 1328 2857 1383 X.

715 1411 820 1459 444
858 1421 903 1469 p.
932 1410 1052 1459 797:
1089 1404 1344 1470 incursus)
1369 1407 1729 1472 irruptiones.“
1800 1412 2011 1463 Ennod.-
2033 1412 2221 1478 Opusc.
2246 1415 2315 1467 X.
2341 1428 2386 1474 p·
2416 1416 2531 1465 262.
2560 1411 2643 1461 Q:
2681 1420 2863 1464 contra

717 1495 972 1561 procellas
1032 1492 1114 1541 vel
1169 1506 1344 1543 omnes
1405 1494 1697 1544 incursus
1736 1522 1798 1530 -
1836 1498 2127 1549 dimicare.“
2198 1497 2327 1550 Stat.
2366 1500 2531 1549 Theb.
2570 1498 2691 1551 VII,
2732 1500 2883 1548 113:.

716 1581 880 1631 bonus
919 1578 1088 1628 omnia
1123 1579 1259 1629 credi
1297 1578 1494 1629 Auctor
1531 1576 1731 1643 (pavor)
1794 1590 1843 1631 et
1878 1584 2124 1633 horrificis
2170 1584 2434 1649 lymphare
2488 1584 2859 1635 incursibus

715 1664 923 1717 urbes,“
995 1662 1144 1712 Ovid.
1183 1663 1310 1711 Met.
1357 1662 1452 1714 IX.
1493 1665 1615 1714 152:
1677 1664 1989 1715 Iucursus
2049 1668 2245 1719 animus
2298 1671 2465 1719 varios
2514 1670 2703 1719 habet“
2764 1666 2858 1731 (cf.

719 1750 984 1801 Guillerm.
1044 1748 1200 1812 Apul.
1255 1748 1357 1797 IV.
1399 1750 1548 1799 254:
1609 1750 1808 1799 hiberni
1850 1778 1911 1787 -
1948 1752 2151 1817 frigoris
2192 1781 2253 1789 —
2290 1755 2571 1805 incursu.
2645 1753 2856 1805 Gualth.

716 1833 872 1885 Alex,
909 1834 979 1883 ΙΙ.
1021 1835 1110 1883 712
1167 1834 1338 1882 refluis
1395 1835 1642 1883 undarum
1702 1835 2147 1901 incursibuS.“).
2221 1838 2420 1899 Quibus
2455 1840 2530 1889 ita
2566 1838 2857 1890 deliberatis

719 1936 780 1971 eo
815 1918 1140 1985 profecimus,
1194 1925 1252 1967 ut
1285 1934 1377 1983 pro
1414 1920 1977 1985 comperto‘sfferamus
2014 1926 2153 1981 apud
2190 1924 2513 1975 Lactantium
2552 1924 2857 1984 vocabulum

713 2004 1022 2069 impliciti
1081 2004 1213 2053 mala
1273 2003 1380 2065 ejus
1434 2012 1570 2065 arte,
1632 2006 1717 2069 qui
1754 2006 1907 2055 verba
1941 2023 1989 2057 v,
2029 2010 2128 2057 814
2188 2010 2417 2073 subjecta
2476 2010 2855 2063 recordaretur:

717 2089 1112 2155 „implicitos
1147 2088 1303 2137 fluvio
1343 2115 1406 2123 —
1445 2091 1645 2154 reges“‚
1684 2090 1961 2142 conflatum
1996 2108 2109 2144 esse
2150 2110 2215 2145 ex
2242 2096 2440 2147 duobus
2475 2095 2580 2144 his:
2615 2095 2858 2159 impetu

715 2175 930 2234 inciti,
983 2175 1178 2223 litteras
1215 2188 1347 2223 cum
1385 2181 1556 2225 autem
1593 2175 1685 2229 illo
1724 2179 1857 2228 vitio
1883 2178 2115 2240 affectas,
2176 2182 2308 2244 quod
2345 2180 2397 2229 in
2433 2179 2607 2231 Sinide
2668 2192 2717 2239 p.
2756 2180 2856 2227 222

716 2261 918 2312 uberius
972 2266 1244 2309 tractatum
1299 2260 1473 2310 adnot.
1510 2258 1692 2326 Eclog.
1731 2280 1777 2315 ν.
1814 2267 1881 2318 46
1922 2279 1967 2325 p.
2007 2267 2073 2314 74
2108 2266 2397 2330 attigimus,
2460 2281 2520 2314 ea
2576 2266 2857 2331 explendas

716 2362 822 2397 esse
877 2346 1190 2405 accessione,
1248 2360 1379 2409 quae
1435 2353 1554 2395 nota
1608 2350 1975 2413 comprehendi
2033 2350 2186 2399 solita
2238 2351 2553 2401 intercidisse
2598 2352 2856 2401 videatur:

715 2432 902 2483 t’unt:
963 2436 1152 2493 traunt
1209 2430 1260 2479 id
1323 2438 1402 2480 est
1459 2432 1724 2485 trahunt
1784 2432 1905 2497 (vid.
1946 2434 2178 2498 Conject.
2216 2434 2355 2499 IV.)‚
2416 2436 2633 2499 denique
2686 2443 2858 2485 totum

716 2520 884 2570 locum
921 2517 992 2567 sic
1029 2516 1488 2565 reconcinnandum
1535 2530 1669 2567 esse:
1746 2520 2195 2582 „incursibus)
2254 2520 2526 2583 Proprio
2586 2522 2860 2570 trahunt

715 2618 892 2653 currus
917 2602 1162 2666 impetu
1197 2600 1384 2649 inciti
1413 2598 1644 2663 (incito),
1672 2610 1732 2652 ut
1754 2604 2036 2655 biberent.“
2076 2604 2271 2665 Quibus
2291 2605 2475 2655 similia
2492 2605 2650 2654 habet
2670 2604 2858 2655 Glossa

714 2688 817 2739 ΜΒ.4
834 2688 1009 2739 Barth.
1047 2702 1092 2735 v.
1115 2688 1212 2735 812
1251 2698 1297 2745 p,
1328 2687 1484 2737 12781
1519 2686 1847 2752 feruntur)
1886 2688 1936 2737 A
1960 2675 2274 2740 flumine'vel
2310 2692 2575 2755 proprio
2612 2683 2856 2752 impetu

647 2830 653 2835 ,
713 2774 769 2823 in
805 2770 1016 2835 flumen“
1058 2770 1121 2823 cf.
1159 2770 1288 2821 Axt.
1314 2769 1550 2835 Spurinn.
1588 2784 1640 2831 p.
1669 2774 1733 2822 80
1763 2787 1837 2837 sq.
1910 2775 1978 2823 In
1994 2776 2185 2824 citum
2222 2782 2389 2825 autem
2415 2775 2520 2823 sive
2542 2775 2721 2823 bouem
2748 2774 2857 2823 sive

715 2860 953 2923 impetum
981 2866 1116 2907 recte
1143 2856 1242 2905 dici
1268 2856 1576 2919 intelligitur
1602 2872 1671 2906 ex
1694 2858 1769 2918 iis,
1798 2874 1929 2921 quac
1954 2860 2011 2908 in
2038 2862 2259 2909 medium
2296 2859 2575 2913 attulerunt
2600 2858 2855 2922 Rigaltius

715 2944 910 2994 Minuc-
970 2941 1080 2991 Fel.
1121 2943 1148 2990 8
1179 2952 1258 3000 .p.
1299 2942 1359 2991 78
1422 2948 1472 2989 et
1506 2940 1747 2993 Heinsius
1808 2941 1901 2993 Sil.
1936 2943 2088 2993 XVI.
2125 2946 2225 2994 485
2284 2956 2333 3003 p.
2374 2946 2486 2997 827.
2569 2944 2726 3007 Apul.
2792 2945 2857 2991 de

713 3028 894 3079 Mund.
931 3040 980 3087 P.
1019 3024 1141 3077 309:
1196 3027 1244 3075 vi
1292 3027 1356 3075 ad
1391 3026 1739 3091 pernicitatem
1776 3027 2029 3078 incita.“
2106 3017 2273 3077 Gloss.
2328 3028 2503 3077 Barth.
2559 3028 2723 3077 Theb.
2762 3027 2857 3076 IX.

718 3115 843 3164 149:
900 3114 1126 3171 incita,
1180 3109 1380 3161 velox.“
1427 3111 1727 3162 'Postremo
1766 3128 1868 3178 quo
1907 3114 2065 3163 omnis
2104 3112 2393 3175 ambigendi
2433 3128 2585 3162 causa
2622 3114 2855 3173 tollatur,

715 3199 854 3249 etin
889 3196 1042 3248 Statii
1095 3196 1291 3259 aliquot
1343 3195 1491 3245 libris
1549 3213 1659 3247 esse
1710 3198 1775 3246 in
1824 3198 2125 3249 cursibus
2160 3205 2407 3247 testantur
2442 3196 2855 3262 Lindenbrogius

717 3284 1075 3346 Queckiusque
1111 3280 1227 3345 (qui
1263 3296 1367 3331 non
1405 3290 1783 3346 perspexerunt
1818 3298 1864 3334 v.
1904 3285 2001 3334 829
2056 3284 2324 3347 incepta
2376 3281 2483 3332 fieri
2518 3288 2759 3345 oportere
2794 3282 2857 3330 in

718 3375 945 3434 coepta.
1002 3366 1065 3416 cs.
1103 3366 1227 3421 VH.
1268 3368 1382 3417 737.
1456 3364 1690 3431 Conject.
1726 3369 1847 3431 111„
1904 3370 2043 3433 quod
2084 3368 2193 3431 jam
2228 3368 2378 3418 video
2416 3368 2701 3421 dubitanter
2734 3380 2855 3431 pro-

716 3456 938 3522 positum
977 3466 1089 3503 esse
1125 3464 1158 3501 a
1193 3452 1480 3511 Duebnero
1517 3465 1566 3513 p,
1603 3451 1731 3517 305)
1788 3462 1837 3505 et
1870 3470 1991 3505 vero
2029 3456 2083 3505 in
2117 3452 2426 3516 Frisingensi
2470 3462 2520 3503 et
2555 3450 2857 3503 Monacensi

713 3540 886 3593 inveni
938 3539 1100 3603 ipsum
1153 3536 1282 3585 illud
1333 3537 1727 3593 incursibus.
1820 3536 1897 3589 cf.
1934 3538 2003 3591 X.
2042 3542 2142 3589 560
2195 3538 2417 3602 Frising,
2472 3538 2856 3590 discum-ibus.

717 3642 846 3679 corr.
907 3624 1323 3685 dissui-sibun
1381 3638 1499 3673 nam
1560 3624 1662 3673 alia
1708 3625 2107 3689 pervagatissimi
2166 3623 2317 3687 hujus
2378 3624 2559 3673 erroris
2620 3621 2858 3687 exempla

715 3714 843 3763 alius
877 3710 1222 3777 proferentum
1283 3723 1418 3757 nunc
1477 3710 1602 3759 licet
1660 3709 1887 3772 adjicere
1924 3710 2077 3761 Statii
2114 3710 2267 3759 verba
2303 3709 2453 3760 VIII.
2492 3710 2620 3760 403:
2692 3707 2858 3757 nulli

715 3800 822 3849 sine
859 3796 1090 3863 praeside
1127 3793 1381 3845 currus“
1441 3796 1513 3844 sic
1549 3795 1857 3859 transcripta
1894 3810 2005 3845 esse
2040 3795 2095 3845 in
2130 3794 2327 3858 Paneg.
2366 3794 2580 3857 Bereng.
2618 3794 2689 3845 ΙΙ.
2730 3794 2857 3843 143:

715 3882 904 3933 nullus
941 3880 1319 3949 sinepraeside
1345 3878 1629 3942 ⁴vector‚“

850 3968 939 4020 Ex
955 3968 1032 4019 his
1051 3966 1382 4017 commonefio
1403 3966 1466 4015 de
1484 3964 1673 4015 Mortis
1694 3966 1922 4026 incursu2
1936 3966 2020 4029 qui
2042 3965 2343 4015 describitur
2368 3966 2529 4021 Theb,
2546 3962 2697 4013 VIII.
2720 3964 2817 4013 378
2840 3978 2850 4011 :

1120 4052 1265 4102 ,Mors
1300 4048 1486 4100 fruitur
1522 4042 1669 4099 'coelo
1706 4051 2105 4113 bellatoremque
2140 4051 2363 4101 volando
2424 4066 2428 4071 ·

1125 4138 1372 4201 Campum
1410 4137 1572 4201 operit
1607 4136 1857 4203 nigroque
1894 4137 2025 4186 viros
2061 4136 2301 4185 invitet
2335 4136 2474 4185 hiatu

1123 4221 1209 4271 Nil
1247 4224 1454 4287 vulgare
1491 4221 1686 4286 legens,
1724 4222 1813 4271 sed
1850 4237 1981 4285 quae
2014 4222 2315 4285 ‘dignissima
2350 4222 2451 4271 vita

1120 4308 1328 4359 Funera
1363 4308 1663 4372 praecipuos
1700 4308 1863 4357 annis>
1884 4308 2171 4371 animisque
2208 4309 2426 4357 cruento

1124 4392 1311 4457 Ungue
1348 4402 1504 4442 notat.
