3234 4967
659 403 742 468 46
1554 409 1941 464 Α(11101.31.

656 614 956 697 ignavo
989 612 1290 699 pollice
1335 614 1702 679 chordas
1734 614 1983 680 Pulso
2015 653 2103 663 -
2133 612 2625 702 tumulisque
2676 616 2803 680 ad-

657 728 898 782 canto
971 720 1351 806 magistri
1411 720 1657 807 optimo
1716 722 2020 785 instituto
2080 718 2336 809 (neque
2402 722 2575 785 enim
2636 722 2803 787 alter
2870 749 2874 753 ·

656 825 1140 911 comparatione
1189 826 1479 915 dignior)
1527 826 1657 891 huc
1704 828 2062 914 repetitum
2121 836 2187 889 et
2241 827 2310 889 in
2356 828 2650 913 margine
2700 828 2807 893 ad-

654 932 937 1020 positum
983 928 1197 995 fraudi
1245 940 1465 996 tamen
1511 932 1733 997 locum
1782 933 2117 1019 aperuisse
2167 934 2261 1014 ei,
2309 941 2384 997 ut
2431 932 2561 998 duo
2608 933 2807 1008 haec:

650 1059 801 1103 nec
851 1034 1208 1125 (eb)urno
1257 1036 1668 1102 similitudini
1697 1040 1879 1102 vocis
1924 1040 2225 1103 icnavo
2272 1037 2587 1103 cederent
2628 1040 2811 1105 item-

652 1166 780 1231 que
826 1143 1162 1231 pectine
1212 1144 1361 1207 voci
1405 1142 1735 1230 pollice.
1818 1144 2113 1225 Quarum
2152 1144 2555 1209 macularum
2601 1144 2809 1211 altera

654 1253 720 1315 in
767 1250 911 1336 ipso
962 1270 1220 1336 quoque
1267 1247 1731 1335 Rehdigerano
1777 1248 1946 1315 libro
2006 1250 2271 1336 penitus
2321 1250 2563 1315 insedit
2610 1260 2805 1338 atque

659 1353 1078 1419 inveteravit.
1171 1355 1309 1419 Nec
1366 1377 1525 1419 vero
1591 1355 1673 1419 de
1722 1354 2165 1441 abstergenda
2222 1356 2346 1421 hac
2401 1355 2548 1422 labe
2594 1358 2807 1421 minus

654 1472 868 1525 certus
903 1482 1063 1541 sum,
1099 1483 1294 1547 quam
1327 1460 1408 1525 de
1441 1460 1571 1543 illa,
1624 1461 1706 1525 de
1756 1484 1885 1548 qua
1916 1484 2115 1549 supra
2160 1486 2223 1525 V.
2264 1463 2342 1527 17
2378 1461 2803 1530 absolvimus:

651 1577 905 1632 tantum
955 1568 1126 1631 enim
1174 1566 1565 1631 firmamenti
1614 1577 1680 1632 et
1724 1568 1981 1634 roboris
2029 1567 2216 1633 addit
2264 1566 2585 1653 Virgilius
2632 1567 2800 1633 Aen.
2846 1580 2851 1584 “

653 1673 772 1736 VI.
835 1672 960 1736 647
981 1698 993 1735 :
1064 1672 1284 1760 Atque
1357 1674 1588 1738 eadem
1658 1674 1911 1759 digitis,
1971 1676 2112 1761 jam
2181 1676 2511 1762 pectine
2580 1674 2799 1762 pulsat

655 1778 968 1843 eburno
981 1783 1046 1860 ‚“
1119 1801 1312 1865 quem
1384 1790 1697 1868 sequutus
1781 1791 1880 1845 est
1950 1790 2179 1845 auctor
2254 1779 2567 1868 (Statium
2635 1779 2799 1843 male

653 1884 1013 1947 nominavit
1073 1882 1478 1949 Schraderus
1542 1885 1867 1949 Emendd.
1916 1886 2034 1949 VI.
2096 1908 2161 1973 p.
2222 1884 2388 1973 114)
2450 1886 2664 1950 Carni.
2715 1885 2797 1949 ad

652 1989 869 2077 Pison.
925 1988 1080 2053 154:
1143 1988 1296 2054 Sive
1345 1988 1582 2077 chelyn
1631 1990 1925 2075 digitis
1986 2000 2053 2053 et
2100 1990 2408 2055 eburno
2453 1990 2796 2055 verbere

653 2094 1005 2181 pulsae.“
1067 2093 1428 2169 Accedunt,
1463 2117 1625 2183 quos
1657 2098 1997 2183 praeteriit
2036 2097 2452 2161 Burmannus
2482 2096 2678 2183 Prop.
2708 2096 2799 2162 II.

656 2204 715 2282 1,
763 2202 803 2265 9
850 2225 915 2289 p.
964 2202 1096 2265 204
1141 2202 1225 2266 cf.
1285 2202 1537 2267 Lotieh.
1584 2202 1705 2267 IV.
1756 2204 1832 2283 3,
1894 2202 1980 2269 39
2040 2226 2104 2289 p.
2154 2201 2286 2267 250
2346 2224 2442 2289 sq.
2506 2201 2803 2278 doctrina

652 2306 1053 2371 Broukhusii
1086 2330 1150 2393 p.
1185 2308 1270 2371 90
1301 2308 1545 2389 fruens,
1597 2306 2103 2372 Claudianus
2134 2307 2211 2372 R.
2245 2307 2429 2372 Pros.
2461 2306 2551 2373 H.
2583 2307 2799 2372 Praef.
2894 2329 2896 2333 ·

651 2414 724 2477 2:
775 2411 1289 2499 Neglectumque
1337 2413 1450 2476 diu
1483 2414 1880 2500 seposuisset
1928 2412 2197 2477 ebur.“
2271 2412 2383 2477 15:
2430 2412 2523 2477 Et
2552 2413 2801 2478 resides

649 2517 817 2583 levi
883 2516 1358 2583 modulatus
1429 2518 1611 2593 (Sen.
1678 2518 1855 2583 Med.
1918 2517 2078 2606 626)
2148 2520 2481 2605 pectine
2562 2541 2801 2585 nervos

649 2622 964 2689 Pollice
1023 2624 1259 2693 festino
1305 2622 1546 2689 mobile
1595 2623 1785 2687 duxit
1833 2644 2029 2708 opus
2079 2622 2433 2709 (potiorem
2482 2624 2654 2691 enim
2699 2646 2795 2689 re-

540 2812 543 2815 ,
650 2730 842 2818 liquis
887 2728 1070 2795 libris
1119 2730 1288 2795 duco
1335 2728 1533 2793 fidem
1579 2729 1743 2814 Reg.
1794 2726 2045 2815 Oxou.)
2110 2736 2177 2792 et
2233 2728 2553 2795 Martialis
2609 2729 2796 2795 XIV.

657 2837 816 2900 16⁴7:
869 2836 1160 2901 Fervida
1203 2858 1286 2899 ne
1335 2819 1488 2901 trito
1536 2835 1658 2901 tibi
1704 2833 2013 2922 pollice
2062 2834 2295 2922 pusula
2358 2845 2614 2923 surgat,
2662 2836 2795 2901 Ex-

651 2951 841 3007 orent
887 2941 1168 3007 docilem
1215 2941 1561 3005 candida
1605 2940 1921 3028 plectra
1966 2940 2247 3028 lyram.“
2336 2943 2636 3029 Propert.
2669 2942 2795 3009 ΙΙΙ.

651 3050 712 3131 2,
730 3048 848 3115 251
872 3047 1177 3113 Phoebus
1201 3086 1289 3095 --
1311 3047 1440 3133 ple
1459 3056 1629 3111 etro
1656 3046 1879 3111 sedem
1904 3046 2061 3111 mihi
2084 3057 2405 3113 monstrat
2429 3047 2797 3113 eburno.“

649 3154 838 3241 Eleg.
887 3156 954 3219 in
1015 3154 1193 3219 Obit.
1255 3154 1464 3219 Maec.
1513 3156 1633 3220 31:
1694 3153 1925 3219 Aetius
1980 3156 2122 3243 ipse
2190 3153 2403 3242 lyram
2463 3152 2795 3241 plectro

649 3261 1068 3348 percussit
1129 3259 1526 3342 eburno,“'
1575 3268 1756 3348 ‘quae
1816 3262 1885 3325 in
1938 3259 2243 3347 Elegiam
2298 3267 2631 3325 mutuatus
2691 3268 2791 3323 est

649 3367 984 3431 Pontanus
1029 3388 1094 3453 p.
1141 3366 1305 3436 393:
1366 3366 1534 3431 'rum
1579 3367 1819 3431 cecinit
1861 3365 2323 3453 plectroque
2380 3365 2577 3431 fidem
2623 3388 2799 3454 per-

650 3473 910 3537 cussit
965 3471 1358 3555 eburno“,
1416 3495 1614 3559 quum
1672 3493 1925 3537 aurea
1984 3471 2307 3559 plectra
2361 3470 2611 3537 Phoebi
2678 3471 2794 3535 fin-

648 3580 823 3643 xerit
871 3578 1264 3659 Quintianus
1291 3576 1338 3641 l.
1373 3576 1437 3643 d.
1470 3600 1534 3665 p.
1568 3577 1720 3643 513.
1790 3577 1891 3642 Ac
1924 3600 2052 3665 quo
2088 3601 2311 3644 omnes
2341 3576 2514 3643 illius
2546 3577 2795 3643 fraudis

651 3686 830 3749 vices
877 3683 1304 3772 explorentur
1349 3692 1544 3770 atque
1589 3691 2051 3771 pertententur
2096 3706 2290 3772 quam
2337 3684 2793 3765 curiosissime,

650 3790 1021 3855 faciendum
1068 3800 1186 3873 est,
1235 3800 1310 3854 ut
1355 3799 1420 3854 et
1465 3790 1795 3877 Propertii
1855 3792 2097 3856 mentio
2145 3791 2465 3856 inferatur
2509 3788 2793 3878 puellam

648 3896 773 3963 hoe
821 3896 1076 3985 judicio
1140 3896 1576 3983 impertientis
1635 3896 1725 3961 ΙΙ.
1779 3898 1811 3961 1
1833 3946 1850 3979 ,
1900 3897 1969 3967 91
2031 3896 2231 3980 „Sive
2290 3896 2475 3984 lyrae
2534 3916 2795 3960 carmen

652 4004 946 4089 digitis
991 4004 1314 4090 percussit
1362 4002 1716 4085 eburnis,
1778 4002 2099 4068 Miramur
2156 4002 2365 4068 facilis
2422 4012 2496 4066 ut
2540 4009 2797 4089 premat

651 4119 791 4175 arte
837 4113 1113 4173 manus“
1163 4107 1386 4196 (quem
1440 4107 1656 4173 locum
1714 4121 1847 4173 tam
1906 4130 2111 4195 prave
2167 4111 2638 4196 interpretatus
2698 4117 2797 4171 est

652 4213 934 4281 Orellius
958 4216 1122 4280 Hor.
1141 4214 1356 4280 Carni.
1373 4214 1426 4277 I.
1445 4215 1546 4295 15,
1567 4213 1649 4279 15
1670 4214 1855 4301 p.·97,
1884 4237 2079 4301 quam
2103 4216 2315 4302 ipsum
2340 4215 2513 4278 hunc
2535 4213 2797 4300 Horatii

650 4320 862 4387 locum
910 4320 1088 4385 nulla
1147 4323 1397 4385 ratione
1459 4319 1683 4383 habita
1726 4341 1937 4407 neque
1984 4321 2263 4385 Himerii
2311 4319 2455 4385 Ecl.
2502 4320 2622 4385 IV.
2674 4319 2788 4383 181

651 4420 718 4493 τί
751 4444 849 4515 μβ
895 4418 1200 4513 μερίζεις
1249 4422 1389 4500 τοῖς
1421 4422 1762 4514 ποιηταῖςς
1795 4447 2168 4513 eorumque,
2195 4449 2361 4513 quae
2388 4425 2795 4513 exprompsit
