<?xml version="1.0" encoding="UTF-8"?>
<!DOCTYPE html PUBLIC "-//W3C//DTD XHTML 1.0 Transitional//EN"
    "http://www.w3.org/TR/xhtml1/DTD/xhtml1-transitional.dtd">
<html xmlns="http://www.w3.org/1999/xhtml" xml:lang="en" lang="en">
 <head>
  <title>
</title>
<meta http-equiv="Content-Type" content="text/html;charset=utf-8" />
  <meta name='ocr-system' content='tesseract 3.04.00' />
  <meta name='ocr-capabilities' content='ocr_page ocr_carea ocr_par ocr_line ocrx_word'/>
</head>
<body>
  <div class='ocr_page' id='page_1' title='image "./ppapiniistatiie00ungegoog_0117.png"; bbox 0 0 3234 4967; ppageno 0'>
   <div class='ocr_carea' id='block_1_1' title="bbox 1344 388 2594 450">
    <p class='ocr_par' dir='ltr' id='par_1_1' title="bbox 1344 388 2594 450">
     <span class='ocr_line' id='line_1_1' title="bbox 1344 388 2594 450; baseline 0.002 -12"><span class='ocrx_word' id='word_1_1' title='bbox 1344 388 1373 438; x_wconf 65' lang='lat' dir='ltr'>A</span> <span class='ocrx_word' id='word_1_2' title='bbox 1391 388 1421 438; x_wconf 76' lang='lat' dir='ltr'>d</span> <span class='ocrx_word' id='word_1_3' title='bbox 1440 405 1469 439; x_wconf 91' lang='lat' dir='ltr'>n</span> <span class='ocrx_word' id='word_1_4' title='bbox 1486 405 1515 439; x_wconf 89' lang='lat' dir='ltr'>o</span> <span class='ocrx_word' id='word_1_5' title='bbox 1533 394 1567 438; x_wconf 75' lang='lat' dir='ltr'>t.</span> <span class='ocrx_word' id='word_1_6' title='bbox 1619 388 1698 438; x_wconf 67' lang='lat'>68.</span> <span class='ocrx_word' id='word_1_7' title='bbox 2473 388 2594 450; x_wconf 72' lang='grc'>109</span> 
     </span>
    </p>
   </div>
   <div class='ocr_carea' id='block_1_2' title="bbox 441 592 2610 4510">
    <p class='ocr_par' dir='ltr' id='par_1_2' title="bbox 441 592 2610 4510">
     <span class='ocr_line' id='line_1_2' title="bbox 444 592 2598 679; baseline 0.001 -20"><span class='ocrx_word' id='word_1_8' title='bbox 444 594 705 677; x_wconf 57' lang='lat' dir='ltr'>elixae,</span> <span class='ocrx_word' id='word_1_9' title='bbox 778 605 845 659; x_wconf 87' lang='lat' dir='ltr'>et</span> <span class='ocrx_word' id='word_1_10' title='bbox 914 593 1166 659; x_wconf 81' lang='lat' dir='ltr'>cornix</span> <span class='ocrx_word' id='word_1_11' title='bbox 1234 592 1413 679; x_wconf 86' lang='lat' dir='ltr'>apud</span> <span class='ocrx_word' id='word_1_12' title='bbox 1479 592 1814 657; x_wconf 80' lang='lat' dir='ltr'>Avienum</span> <span class='ocrx_word' id='word_1_13' title='bbox 1885 592 2124 657; x_wconf 86' lang='lat' dir='ltr'>cornis</span> <span class='ocrx_word' id='word_1_14' title='bbox 2195 604 2262 659; x_wconf 80' lang='lat' dir='ltr'>ct</span> <span class='ocrx_word' id='word_1_15' title='bbox 2327 604 2400 659; x_wconf 75' lang='lat' dir='ltr'>ut‘</span> <span class='ocrx_word' id='word_1_16' title='bbox 2469 594 2598 663; x_wconf 83' lang='lat' dir='ltr'>alia</span> 
     </span>
     <span class='ocr_line' id='line_1_3' title="bbox 444 697 2598 789; baseline 0.001 -24"><span class='ocrx_word' id='word_1_17' title='bbox 444 702 737 766; x_wconf 81' lang='lat' dir='ltr'>omittam</span> <span class='ocrx_word' id='word_1_18' title='bbox 790 698 981 785; x_wconf 84' lang='lat' dir='ltr'>Valg.</span> <span class='ocrx_word' id='word_1_19' title='bbox 1046 722 1111 787; x_wconf 88' lang='lat' dir='ltr'>p.</span> <span class='ocrx_word' id='word_1_20' title='bbox 1180 698 1324 763; x_wconf 82' lang='lat'>174.</span> <span class='ocrx_word' id='word_1_21' title='bbox 1384 697 1514 763; x_wconf 78' lang='lat'>509</span> <span class='ocrx_word' id='word_1_22' title='bbox 1576 707 1642 762; x_wconf 89' lang='lat' dir='ltr'>et</span> <span class='ocrx_word' id='word_1_23' title='bbox 1688 698 2008 765; x_wconf 78' lang='lat' dir='ltr'>Subsiciv.</span> <span class='ocrx_word' id='word_1_24' title='bbox 2083 697 2248 787; x_wconf 82' lang='lat' dir='ltr'>Cap.</span> <span class='ocrx_word' id='word_1_25' title='bbox 2317 700 2368 764; x_wconf 91' lang='lat' dir='ltr'>I.</span> <span class='ocrx_word' id='word_1_26' title='bbox 2442 726 2508 789; x_wconf 90' lang='lat' dir='ltr'>p.</span> <span class='ocrx_word' id='word_1_27' title='bbox 2558 702 2598 767; x_wconf 83' lang='lat'>2</span> 
     </span>
     <span class='ocr_line' id='line_1_4' title="bbox 441 803 2600 893; baseline 0.001 -22"><span class='ocrx_word' id='word_1_28' title='bbox 441 806 749 889; x_wconf 82' lang='lat' dir='ltr'>indicata,</span> <span class='ocrx_word' id='word_1_29' title='bbox 797 804 1123 870; x_wconf 87' lang='lat' dir='ltr'>Herculis</span> <span class='ocrx_word' id='word_1_30' title='bbox 1172 804 1428 869; x_wconf 86' lang='lat' dir='ltr'>emeriti</span> <span class='ocrx_word' id='word_1_31' title='bbox 1498 803 1654 893; x_wconf 85' lang='lat' dir='ltr'>(hoc</span> <span class='ocrx_word' id='word_1_32' title='bbox 1717 806 1886 869; x_wconf 89' lang='lat' dir='ltr'>enim</span> <span class='ocrx_word' id='word_1_33' title='bbox 1948 826 2175 869; x_wconf 84' lang='lat' dir='ltr'>verum</span> <span class='ocrx_word' id='word_1_34' title='bbox 2224 827 2398 890; x_wconf 87' lang='lat' dir='ltr'>esse,</span> <span class='ocrx_word' id='word_1_35' title='bbox 2468 831 2600 874; x_wconf 88' lang='lat' dir='ltr'>non</span> 
     </span>
     <span class='ocr_line' id='line_1_5' title="bbox 444 910 2597 1001; baseline 0.001 -24"><span class='ocrx_word' id='word_1_36' title='bbox 444 911 626 997; x_wconf 80' lang='lat' dir='ltr'>ill-ud,</span> <span class='ocrx_word' id='word_1_37' title='bbox 660 910 837 1001; x_wconf 86' lang='lat' dir='ltr'>quod</span> <span class='ocrx_word' id='word_1_38' title='bbox 870 934 1092 977; x_wconf 86' lang='lat' dir='ltr'>omnes</span> <span class='ocrx_word' id='word_1_39' title='bbox 1124 919 1421 978; x_wconf 84' lang='lat' dir='ltr'>tuentur:</span> <span class='ocrx_word' id='word_1_40' title='bbox 1470 912 1756 977; x_wconf 84' lang='lat' dir='ltr'>eximii</span> <span class='ocrx_word' id='word_1_41' title='bbox 1804 911 2239 979; x_wconf 79' lang='lat' dir='ltr'>obtinebimus</span> <span class='ocrx_word' id='word_1_42' title='bbox 2271 912 2597 979; x_wconf 85' lang='lat' dir='ltr'>Emendd.</span> 
     </span>
     <span class='ocr_line' id='line_1_6' title="bbox 444 1014 2595 1108; baseline 0.001 -25"><span class='ocrx_word' id='word_1_43' title='bbox 444 1043 585 1108; x_wconf 85' lang='lat' dir='ltr'>cap.·</span> <span class='ocrx_word' id='word_1_44' title='bbox 634 1014 778 1085; x_wconf 84' lang='lat' dir='ltr'><strong>VII.</strong></span> <span class='ocrx_word' id='word_1_45' title='bbox 829 1017 899 1108; x_wconf 81' lang='lat'>2)</span> <span class='ocrx_word' id='word_1_46' title='bbox 947 1018 1125 1106; x_wconf 84' lang='lat' dir='ltr'>apud</span> <span class='ocrx_word' id='word_1_47' title='bbox 1169 1018 1585 1105; x_wconf 74' lang='lat' dir='ltr'>Propertium</span> <span class='ocrx_word' id='word_1_48' title='bbox 1629 1017 1753 1083; x_wconf 79' lang='lat' dir='ltr'>-IV,</span> <span class='ocrx_word' id='word_1_49' title='bbox 1801 1018 1863 1100; x_wconf 89' lang='grc'>9,</span> <span class='ocrx_word' id='word_1_50' title='bbox 1917 1017 2001 1081; x_wconf 89' lang='grc'>70</span> <span class='ocrx_word' id='word_1_51' title='bbox 2045 1018 2114 1085; x_wconf 86' lang='lat' dir='ltr'>in</span> <span class='ocrx_word' id='word_1_52' title='bbox 2158 1017 2595 1107; x_wconf 88' lang='lat' dir='ltr'>Neapolitano</span> 
     </span>
     <span class='ocr_line' id='line_1_7' title="bbox 442 1122 2599 1211; baseline 0 -20"><span class='ocrx_word' id='word_1_53' title='bbox 442 1124 742 1191; x_wconf 77' lang='lat' dir='ltr'><strong>Hercule</strong></span> <span class='ocrx_word' id='word_1_54' title='bbox 786 1148 887 1189; x_wconf 91' lang='lat' dir='ltr'>ex</span> <span class='ocrx_word' id='word_1_55' title='bbox 930 1124 1321 1205; x_wconf 88' lang='lat' dir='ltr'>terminium,</span> <span class='ocrx_word' id='word_1_56' title='bbox 1372 1132 1439 1188; x_wconf 88' lang='lat' dir='ltr'>et</span> <span class='ocrx_word' id='word_1_57' title='bbox 1472 1122 1650 1211; x_wconf 84' lang='lat' dir='ltr'>apud</span> <span class='ocrx_word' id='word_1_58' title='bbox 1694 1122 2056 1211; x_wconf 83' lang='lat' dir='ltr'>Corippum</span> <span class='ocrx_word' id='word_1_59' title='bbox 2100 1122 2209 1189; x_wconf 82' lang='lat' dir='ltr'>Jo.</span> <span class='ocrx_word' id='word_1_60' title='bbox 2247 1122 2376 1191; x_wconf 78' lang='lat' dir='ltr'>IV.</span> <span class='ocrx_word' id='word_1_61' title='bbox 2431 1126 2599 1191; x_wconf 85' lang='lat'>1075</span> 
     </span>
     <span class='ocr_line' id='line_1_8' title="bbox 444 1228 2602 1321; baseline 0 -24"><span class='ocrx_word' id='word_1_62' title='bbox 444 1233 764 1319; x_wconf 82' lang='lat' dir='ltr'>genitrix</span> <span class='ocrx_word' id='word_1_63' title='bbox 834 1230 1133 1316; x_wconf 84' lang='lat' dir='ltr'>genitis:</span> <span class='ocrx_word' id='word_1_64' title='bbox 1221 1228 1481 1313; x_wconf 82' lang='lat' dir='ltr'>„Cum&#39;</span> <span class='ocrx_word' id='word_1_65' title='bbox 1518 1230 1826 1316; x_wconf 87' lang='lat' dir='ltr'>genitis</span> <span class='ocrx_word' id='word_1_66' title='bbox 1895 1230 2351 1315; x_wconf 84' lang='lat' dir='ltr'>gen·itrix“‚</span> <span class='ocrx_word' id='word_1_67' title='bbox 2425 1230 2602 1321; x_wconf 84' lang='lat' dir='ltr'>quod</span> 
     </span>
     <span class='ocr_line' id='line_1_9' title="bbox 445 1334 2601 1427; baseline -0 -25"><span class='ocrx_word' id='word_1_68' title='bbox 445 1339 621 1405; x_wconf 86' lang='lat' dir='ltr'>idem</span> <span class='ocrx_word' id='word_1_69' title='bbox 679 1340 823 1427; x_wconf 88' lang='lat' dir='ltr'>jam</span> <span class='ocrx_word' id='word_1_70' title='bbox 884 1337 1078 1402; x_wconf 84' lang='lat' dir='ltr'>video</span> <span class='ocrx_word' id='word_1_71' title='bbox 1136 1336 1378 1402; x_wconf 83' lang='lat' dir='ltr'>sentire</span> <span class='ocrx_word' id='word_1_72' title='bbox 1437 1334 1799 1423; x_wconf 85' lang='lat' dir='ltr'>Hauptium</span> <span class='ocrx_word' id='word_1_73' title='bbox 1853 1334 2082 1401; x_wconf 89' lang='lat' dir='ltr'>Herm.</span> <span class='ocrx_word' id='word_1_74' title='bbox 2144 1334 2232 1400; x_wconf 92' lang='grc' dir='ltr'>ΙΙ.</span> <span class='ocrx_word' id='word_1_75' title='bbox 2299 1339 2328 1400; x_wconf 98' lang='grc'><strong>1</strong></span> <span class='ocrx_word' id='word_1_76' title='bbox 2381 1358 2442 1425; x_wconf 89' lang='lat' dir='ltr'>p.</span> <span class='ocrx_word' id='word_1_77' title='bbox 2497 1339 2601 1401; x_wconf 91' lang='lat'>11.</span> 
     </span>
     <span class='ocr_line' id='line_1_10' title="bbox 448 1440 2604 1531; baseline -0 -22"><span class='ocrx_word' id='word_1_78' title='bbox 448 1445 699 1527; x_wconf 80' lang='lat' dir='ltr'>Quibus</span> <span class='ocrx_word' id='word_1_79' title='bbox 742 1445 837 1509; x_wconf 87' lang='lat' dir='ltr'>ita</span> <span class='ocrx_word' id='word_1_80' title='bbox 884 1444 1201 1531; x_wconf 84' lang='lat' dir='ltr'>expositis</span> <span class='ocrx_word' id='word_1_81' title='bbox 1244 1443 1528 1530; x_wconf 87' lang='lat' dir='ltr'>primum</span> <span class='ocrx_word' id='word_1_82' title='bbox 1575 1440 1731 1506; x_wconf 88' lang='lat' dir='ltr'>licet</span> <span class='ocrx_word' id='word_1_83' title='bbox 1791 1440 2034 1527; x_wconf 81' lang='lat' dir='ltr'>insigni</span> <span class='ocrx_word' id='word_1_84' title='bbox 2083 1440 2475 1508; x_wconf 87' lang='lat' dir='ltr'>documento</span> <span class='ocrx_word' id='word_1_85' title='bbox 2524 1466 2604 1508; x_wconf 88' lang='lat' dir='ltr'>ea</span> 
     </span>
     <span class='ocr_line' id='line_1_11' title="bbox 447 1548 2602 1638; baseline -0.001 -23"><span class='ocrx_word' id='word_1_86' title='bbox 447 1550 851 1633; x_wconf 85' lang='lat' dir='ltr'>confirmare,</span> <span class='ocrx_word' id='word_1_87' title='bbox 903 1548 1135 1638; x_wconf 85' lang='lat' dir='ltr'>quibus</span> <span class='ocrx_word' id='word_1_88' title='bbox 1167 1548 1547 1615; x_wconf 79' lang='lat' dir='ltr'>Marklandi</span> <span class='ocrx_word' id='word_1_89' title='bbox 1574 1568 1869 1613; x_wconf 85' lang='lat' dir='ltr'>errorem</span> <span class='ocrx_word' id='word_1_90' title='bbox 1919 1570 2117 1635; x_wconf 91' lang='lat' dir='ltr'>supra</span> <span class='ocrx_word' id='word_1_91' title='bbox 2161 1550 2602 1637; x_wconf 79' lang='lat' dir='ltr'>coarguimus:</span> 
     </span>
     <span class='ocr_line' id='line_1_12' title="bbox 448 1652 2596 1745; baseline -0.001 -24"><span class='ocrx_word' id='word_1_92' title='bbox 448 1656 624 1745; x_wconf 86' lang='lat' dir='ltr'>apud</span> <span class='ocrx_word' id='word_1_93' title='bbox 654 1655 1007 1743; x_wconf 87' lang='lat' dir='ltr'>Virgilium</span> <span class='ocrx_word' id='word_1_94' title='bbox 1039 1656 1212 1721; x_wconf 87' lang='lat' dir='ltr'>enim</span> <span class='ocrx_word' id='word_1_95' title='bbox 1242 1652 1411 1719; x_wconf 86' lang='lat' dir='ltr'>Aen.</span> <span class='ocrx_word' id='word_1_96' title='bbox 1444 1654 1597 1719; x_wconf 90' lang='lat' dir='ltr'><strong>VII.</strong></span> <span class='ocrx_word' id='word_1_97' title='bbox 1634 1654 1792 1722; x_wconf 81' lang='lat'>496:</span> <span class='ocrx_word' id='word_1_98' title='bbox 1824 1654 1978 1741; x_wconf 89' lang='lat' dir='ltr'>Ipse</span> <span class='ocrx_word' id='word_1_99' title='bbox 2014 1656 2218 1736; x_wconf 31' lang='lat' dir='ltr'>etiam,</span> <span class='ocrx_word' id='word_1_100' title='bbox 2245 1655 2596 1720; x_wconf 82' lang='lat' dir='ltr'>eximiae</span> 
     </span>
     <span class='ocr_line' id='line_1_13' title="bbox 448 1758 2598 1849; baseline 0 -23"><span class='ocrx_word' id='word_1_101' title='bbox 448 1761 659 1829; x_wconf 84' lang='lat' dir='ltr'>laudis</span> <span class='ocrx_word' id='word_1_102' title='bbox 708 1784 1055 1829; x_wconf 85' lang='lat' dir='ltr'>succensus</span> <span class='ocrx_word' id='word_1_103' title='bbox 1088 1765 1356 1827; x_wconf 82' lang='lat' dir='ltr'>amore“</span> <span class='ocrx_word' id='word_1_104' title='bbox 1402 1758 1571 1826; x_wconf 85' lang='lat' dir='ltr'>inid</span> <span class='ocrx_word' id='word_1_105' title='bbox 1602 1759 2015 1844; x_wconf 83' lang='lat' dir='ltr'>vocabulum,</span> <span class='ocrx_word' id='word_1_106' title='bbox 2065 1760 2241 1849; x_wconf 87' lang='lat' dir='ltr'>quod</span> <span class='ocrx_word' id='word_1_107' title='bbox 2271 1781 2392 1849; x_wconf 89' lang='lat' dir='ltr'>pro</span> <span class='ocrx_word' id='word_1_108' title='bbox 2439 1784 2598 1827; x_wconf 85' lang='lat' dir='ltr'>vero</span> 
     </span>
     <span class='ocr_line' id='line_1_14' title="bbox 447 1863 2602 1953; baseline -0 -19"><span class='ocrx_word' id='word_1_109' title='bbox 447 1869 818 1937; x_wconf 76' lang='lat' dir='ltr'>venditavit</span> <span class='ocrx_word' id='word_1_110' title='bbox 863 1866 1317 1950; x_wconf 70' lang='lat' dir='ltr'>MarklanduS,</span> <span class='ocrx_word' id='word_1_111' title='bbox 1342 1863 1798 1953; x_wconf 77' lang='lat' dir='ltr'>&#39;degeneravit</span> <span class='ocrx_word' id='word_1_112' title='bbox 1841 1868 1910 1932; x_wconf 86' lang='lat' dir='ltr'>in</span> <span class='ocrx_word' id='word_1_113' title='bbox 1941 1865 2352 1933; x_wconf 75' lang='lat' dir='ltr'>Dorvilliano</span> <span class='ocrx_word' id='word_1_114' title='bbox 2399 1866 2602 1934; x_wconf 83' lang='lat' dir='ltr'>libro&#39;:</span> 
     </span>
     <span class='ocr_line' id='line_1_15' title="bbox 452 1972 2604 2062; baseline -0.001 -22"><span class='ocrx_word' id='word_1_115' title='bbox 452 1976 649 2041; x_wconf 89' lang='lat' dir='ltr'>etiam</span> <span class='ocrx_word' id='word_1_116' title='bbox 693 1975 1000 2041; x_wconf 80' lang='lat' dir='ltr'>nimiae</span> <span class='ocrx_word' id='word_1_117' title='bbox 1047 1973 1305 2040; x_wconf 83' lang='lat' dir='ltr'>laudis“</span> <span class='ocrx_word' id='word_1_118' title='bbox 1352 1973 1465 2062; x_wconf 84' lang='lat' dir='ltr'>(cf.</span> <span class='ocrx_word' id='word_1_119' title='bbox 1502 1972 1773 2056; x_wconf 79' lang='lat' dir='ltr'>Quintil.</span> <span class='ocrx_word' id='word_1_120' title='bbox 1804 1972 1990 2041; x_wconf 86' lang='lat' dir='ltr'>Decl.</span> <span class='ocrx_word' id='word_1_121' title='bbox 2023 1972 2177 2039; x_wconf 86' lang='lat' dir='ltr'>XlI.</span> <span class='ocrx_word' id='word_1_122' title='bbox 2231 1972 2314 2036; x_wconf 84' lang='lat'>14</span> <span class='ocrx_word' id='word_1_123' title='bbox 2359 1996 2424 2061; x_wconf 87' lang='lat' dir='ltr'>p.</span> <span class='ocrx_word' id='word_1_124' title='bbox 2475 1972 2604 2039; x_wconf 80' lang='grc'>255</span> 
     </span>
     <span class='ocr_line' id='line_1_16' title="bbox 452 2076 2600 2169; baseline 0 -24"><span class='ocrx_word' id='word_1_125' title='bbox 452 2102 551 2146; x_wconf 83' lang='lat' dir='ltr'>ex</span> <span class='ocrx_word' id='word_1_126' title='bbox 592 2082 845 2147; x_wconf 88' lang='lat' dir='ltr'>nimia</span> <span class='ocrx_word' id='word_1_127' title='bbox 890 2081 1271 2169; x_wconf 87' lang='lat' dir='ltr'>cupiditate.</span> <span class='ocrx_word' id='word_1_128' title='bbox 1304 2080 1494 2145; x_wconf 88' lang='lat' dir='ltr'>Leid.</span> <span class='ocrx_word' id='word_1_129' title='bbox 1542 2102 1642 2167; x_wconf 88' lang='lat' dir='ltr'>pr.</span> <span class='ocrx_word' id='word_1_130' title='bbox 1677 2078 2026 2169; x_wconf 84' lang='lat' dir='ltr'>eximia).</span> <span class='ocrx_word' id='word_1_131' title='bbox 2074 2076 2336 2145; x_wconf 84' lang='lat' dir='ltr'>Deinde</span> <span class='ocrx_word' id='word_1_132' title='bbox 2369 2102 2600 2169; x_wconf 87' lang='lat' dir='ltr'>suppe-</span> 
     </span>
     <span class='ocr_line' id='line_1_17' title="bbox 453 2185 2606 2275; baseline -0.001 -24"><span class='ocrx_word' id='word_1_133' title='bbox 453 2186 639 2271; x_wconf 83' lang='lat' dir='ltr'>ditat,</span> <span class='ocrx_word' id='word_1_134' title='bbox 688 2187 866 2275; x_wconf 89' lang='lat' dir='ltr'>quod</span> <span class='ocrx_word' id='word_1_135' title='bbox 911 2188 980 2254; x_wconf 86' lang='lat' dir='ltr'>in</span> <span class='ocrx_word' id='word_1_136' title='bbox 1026 2186 1316 2251; x_wconf 85' lang='lat' dir='ltr'>medium</span> <span class='ocrx_word' id='word_1_137' title='bbox 1363 2185 1631 2252; x_wconf 87' lang='lat' dir='ltr'>allatum</span> <span class='ocrx_word' id='word_1_138' title='bbox 1687 2196 1948 2252; x_wconf 87' lang='lat' dir='ltr'>nostrae</span> <span class='ocrx_word' id='word_1_139' title='bbox 2013 2188 2428 2274; x_wconf 89' lang='lat' dir='ltr'>conjecturae</span> <span class='ocrx_word' id='word_1_140' title='bbox 2473 2208 2606 2251; x_wconf 89' lang='lat' dir='ltr'>non</span> 
     </span>
     <span class='ocr_line' id='line_1_18' title="bbox 448 2291 2605 2381; baseline -0 -24"><span class='ocrx_word' id='word_1_141' title='bbox 448 2292 597 2360; x_wconf 89' lang='lat' dir='ltr'>leve</span> <span class='ocrx_word' id='word_1_142' title='bbox 642 2292 901 2381; x_wconf 86' lang='lat' dir='ltr'>pondus</span> <span class='ocrx_word' id='word_1_143' title='bbox 949 2293 1195 2360; x_wconf 85' lang='lat' dir='ltr'>addere</span> <span class='ocrx_word' id='word_1_144' title='bbox 1258 2292 1587 2359; x_wconf 75' lang='lat' dir='ltr'>videatur.</span> <span class='ocrx_word' id='word_1_145' title='bbox 1623 2294 1632 2309; x_wconf 84' lang='lat'><strong><em>‘</em></strong></span> <span class='ocrx_word' id='word_1_146' title='bbox 1701 2294 1970 2360; x_wconf 85' lang='lat' dir='ltr'>Etenim</span> <span class='ocrx_word' id='word_1_147' title='bbox 2017 2313 2212 2379; x_wconf 89' lang='lat' dir='ltr'>quum</span> <span class='ocrx_word' id='word_1_148' title='bbox 2279 2291 2605 2379; x_wconf 86' lang='lat' dir='ltr'>Propertii</span> 
     </span>
     <span class='ocr_line' id='line_1_19' title="bbox 449 2398 2607 2488; baseline -0.001 -23"><span class='ocrx_word' id='word_1_149' title='bbox 449 2400 618 2483; x_wconf 80' lang='lat' dir='ltr'>loce,</span> <span class='ocrx_word' id='word_1_150' title='bbox 667 2422 862 2488; x_wconf 89' lang='lat' dir='ltr'>quem</span> <span class='ocrx_word' id='word_1_151' title='bbox 910 2400 1051 2468; x_wconf 85' lang='lat' dir='ltr'>dixi</span> <span class='ocrx_word' id='word_1_152' title='bbox 1069 2452 1087 2485; x_wconf 88' lang='lat'><em>‚</em></span> <span class='ocrx_word' id='word_1_153' title='bbox 1136 2399 1545 2468; x_wconf 82' lang='lat' dir='ltr'>restituendo</span> <span class='ocrx_word' id='word_1_154' title='bbox 1605 2400 1896 2465; x_wconf 85' lang='lat' dir='ltr'>intentus</span> <span class='ocrx_word' id='word_1_155' title='bbox 1953 2398 2077 2463; x_wconf 89' lang='lat' dir='ltr'>hoc</span> <span class='ocrx_word' id='word_1_156' title='bbox 2123 2420 2378 2487; x_wconf 88' lang='lat' dir='ltr'>quoque</span> <span class='ocrx_word' id='word_1_157' title='bbox 2427 2398 2607 2464; x_wconf 87' lang='lat' dir='ltr'>dubi-</span> 
     </span>
     <span class='ocr_line' id='line_1_20' title="bbox 450 2502 2604 2597; baseline -0.002 -25"><span class='ocrx_word' id='word_1_158' title='bbox 450 2516 679 2590; x_wconf 85' lang='lat' dir='ltr'>tarem,</span> <span class='ocrx_word' id='word_1_159' title='bbox 726 2530 881 2573; x_wconf 88' lang='lat' dir='ltr'>num</span> <span class='ocrx_word' id='word_1_160' title='bbox 927 2508 1087 2574; x_wconf 84' lang='lat' dir='ltr'>ferri</span> <span class='ocrx_word' id='word_1_161' title='bbox 1146 2517 1371 2597; x_wconf 86' lang='lat' dir='ltr'>posset</span> <span class='ocrx_word' id='word_1_162' title='bbox 1431 2505 1694 2573; x_wconf 87' lang='lat' dir='ltr'>dicendi</span> <span class='ocrx_word' id='word_1_163' title='bbox 1753 2529 1961 2593; x_wconf 88' lang='lat' dir='ltr'>genus</span> <span class='ocrx_word' id='word_1_164' title='bbox 2017 2502 2230 2571; x_wconf 84' lang='lat' dir='ltr'>locce:</span> <span class='ocrx_word' id='word_1_165' title='bbox 2300 2502 2604 2570; x_wconf 88' lang='lat' dir='ltr'>Herculis</span> 
     </span>
     <span class='ocr_line' id='line_1_21' title="bbox 453 2604 2606 2703; baseline -0 -26"><span class='ocrx_word' id='word_1_166' title='bbox 453 2613 745 2678; x_wconf 81' lang='lat' dir='ltr'>eximie</span> <span class='ocrx_word' id='word_1_167' title='bbox 790 2612 1075 2680; x_wconf 81' lang='lat' dir='ltr'>nescit</span> <span class='ocrx_word' id='word_1_168' title='bbox 1120 2614 1330 2689; x_wconf 80' lang='lat' dir='ltr'>inulta</span> <span class='ocrx_word' id='word_1_169' title='bbox 1376 2612 1581 2703; x_wconf 88' lang='lat' dir='ltr'>(esse)</span> <span class='ocrx_word' id='word_1_170' title='bbox 1632 2604 1839 2698; x_wconf 83' lang='lat' dir='ltr'>sitis‚“</span> <span class='ocrx_word' id='word_1_171' title='bbox 1887 2621 2212 2679; x_wconf 86' lang='lat' dir='ltr'>scrutatus</span> <span class='ocrx_word' id='word_1_172' title='bbox 2245 2620 2312 2676; x_wconf 87' lang='lat' dir='ltr'>et</span> <span class='ocrx_word' id='word_1_173' title='bbox 2345 2608 2606 2677; x_wconf 86' lang='lat' dir='ltr'>Ouden-</span> 
     </span>
     <span class='ocr_line' id='line_1_22' title="bbox 454 2716 2608 2809; baseline -0.001 -24"><span class='ocrx_word' id='word_1_174' title='bbox 454 2718 668 2809; x_wconf 84' lang='lat' dir='ltr'>dorpii</span> <span class='ocrx_word' id='word_1_175' title='bbox 714 2722 1213 2787; x_wconf 78' lang='lat' dir='ltr'>commentarios</span> <span class='ocrx_word' id='word_1_176' title='bbox 1256 2718 1455 2809; x_wconf 89' lang='lat' dir='ltr'>Apul.</span> <span class='ocrx_word' id='word_1_177' title='bbox 1514 2718 1690 2785; x_wconf 82' lang='lat' dir='ltr'><strong>VIII.</strong></span> <span class='ocrx_word' id='word_1_178' title='bbox 1739 2742 1804 2807; x_wconf 90' lang='lat' dir='ltr'>p.</span> <span class='ocrx_word' id='word_1_179' title='bbox 1863 2718 1994 2785; x_wconf 83' lang='grc'>552</span> <span class='ocrx_word' id='word_1_180' title='bbox 2053 2728 2121 2784; x_wconf 92' lang='lat' dir='ltr'>et</span> <span class='ocrx_word' id='word_1_181' title='bbox 2175 2718 2432 2783; x_wconf 90' lang='lat' dir='ltr'>Heinsii</span> <span class='ocrx_word' id='word_1_182' title='bbox 2476 2716 2608 2783; x_wconf 88' lang='lat' dir='ltr'>Ad-</span> 
     </span>
     <span class='ocr_line' id='line_1_23' title="bbox 453 2824 2601 2915; baseline -0.001 -24"><span class='ocrx_word' id='word_1_183' title='bbox 453 2828 750 2893; x_wconf 83' lang='lat' dir='ltr'>versaria</span> <span class='ocrx_word' id='word_1_184' title='bbox 778 2826 889 2893; x_wconf 88' lang='lat' dir='ltr'>IV.</span> <span class='ocrx_word' id='word_1_185' title='bbox 942 2828 1005 2892; x_wconf 86' lang='lat'>4.</span> <span class='ocrx_word' id='word_1_186' title='bbox 1053 2850 1120 2915; x_wconf 93' lang='lat' dir='ltr'>p.</span> <span class='ocrx_word' id='word_1_187' title='bbox 1168 2826 1297 2893; x_wconf 87' lang='grc'>595</span> <span class='ocrx_word' id='word_1_188' title='bbox 1330 2848 1479 2892; x_wconf 86' lang='lat' dir='ltr'>cum</span> <span class='ocrx_word' id='word_1_189' title='bbox 1509 2824 1674 2893; x_wconf 86' lang='lat' dir='ltr'>illud</span> <span class='ocrx_word' id='word_1_190' title='bbox 1704 2847 1851 2891; x_wconf 90' lang='lat' dir='ltr'>cum</span> <span class='ocrx_word' id='word_1_191' title='bbox 1884 2848 2132 2891; x_wconf 87' lang='lat' dir='ltr'>summa</span> <span class='ocrx_word' id='word_1_192' title='bbox 2163 2834 2229 2890; x_wconf 90' lang='lat' dir='ltr'>et</span> <span class='ocrx_word' id='word_1_193' title='bbox 2258 2825 2601 2891; x_wconf 85' lang='lat' dir='ltr'>miratione</span> 
     </span>
     <span class='ocr_line' id='line_1_24' title="bbox 455 2929 2608 3023; baseline -0.002 -24"><span class='ocrx_word' id='word_1_194' title='bbox 455 2944 521 2999; x_wconf 88' lang='lat' dir='ltr'>et</span> <span class='ocrx_word' id='word_1_195' title='bbox 557 2933 973 3023; x_wconf 82' lang='lat' dir='ltr'>jucunditate</span> <span class='ocrx_word' id='word_1_196' title='bbox 1022 2930 1259 3001; x_wconf 81' lang='lat' dir='ltr'>rescivi</span> <span class='ocrx_word' id='word_1_197' title='bbox 1290 2930 1634 3001; x_wconf 88' lang='lat' dir='ltr'>Heinsium</span> <span class='ocrx_word' id='word_1_198' title='bbox 1685 2934 1768 2998; x_wconf 86' lang='lat' dir='ltr'>de</span> <span class='ocrx_word' id='word_1_199' title='bbox 1799 2932 1922 2997; x_wconf 87' lang='lat' dir='ltr'>hac</span> <span class='ocrx_word' id='word_1_200' title='bbox 1967 2933 2112 3020; x_wconf 85' lang='lat' dir='ltr'>ipsa</span> <span class='ocrx_word' id='word_1_201' title='bbox 2153 2930 2349 2999; x_wconf 86' lang='lat' dir='ltr'>Statii</span> <span class='ocrx_word' id='word_1_202' title='bbox 2381 2929 2608 3018; x_wconf 85' lang='lat' dir='ltr'>ecloga</span> 
     </span>
     <span class='ocr_line' id='line_1_25' title="bbox 453 3032 2606 3128; baseline -0.001 -23"><span class='ocrx_word' id='word_1_203' title='bbox 453 3034 661 3105; x_wconf 84' lang='lat' dir='ltr'>multa</span> <span class='ocrx_word' id='word_1_204' title='bbox 704 3063 768 3128; x_wconf 89' lang='lat' dir='ltr'>p.</span> <span class='ocrx_word' id='word_1_205' title='bbox 815 3040 948 3105; x_wconf 82' lang='lat'>594</span> <span class='ocrx_word' id='word_1_206' title='bbox 964 3080 1051 3089; x_wconf 88' lang='lat'>--·</span> <span class='ocrx_word' id='word_1_207' title='bbox 1066 3040 1194 3105; x_wconf 83' lang='lat'>597</span> <span class='ocrx_word' id='word_1_208' title='bbox 1245 3032 1754 3109; x_wconf 84' lang='lat' dir='ltr'>commentatum</span> <span class='ocrx_word' id='word_1_209' title='bbox 1804 3061 1944 3105; x_wconf 87' lang='lat' dir='ltr'>esse</span> <span class='ocrx_word' id='word_1_210' title='bbox 1970 3048 2067 3111; x_wconf 63' lang='lat' dir='ltr'>,ut</span> <span class='ocrx_word' id='word_1_211' title='bbox 2127 3039 2335 3123; x_wconf 85' lang='lat' dir='ltr'>frugis</span> <span class='ocrx_word' id='word_1_212' title='bbox 2391 3036 2606 3126; x_wconf 83' lang='lat' dir='ltr'>plena,</span> 
     </span>
     <span class='ocr_line' id='line_1_26' title="bbox 454 3144 2604 3237; baseline -0 -27"><span class='ocrx_word' id='word_1_213' title='bbox 454 3147 565 3229; x_wconf 80' lang='lat' dir='ltr'>ita,</span> <span class='ocrx_word' id='word_1_214' title='bbox 616 3157 691 3211; x_wconf 87' lang='lat' dir='ltr'>ut</span> <span class='ocrx_word' id='word_1_215' title='bbox 737 3145 995 3229; x_wconf 83' lang='lat' dir='ltr'>assolet,</span> <span class='ocrx_word' id='word_1_216' title='bbox 1046 3145 1401 3215; x_wconf 87' lang='lat' dir='ltr'>Duebnero</span> <span class='ocrx_word' id='word_1_217' title='bbox 1450 3157 1646 3237; x_wconf 86' lang='lat' dir='ltr'>atque</span> <span class='ocrx_word' id='word_1_218' title='bbox 1696 3148 1862 3213; x_wconf 85' lang='lat' dir='ltr'>adeo</span> <span class='ocrx_word' id='word_1_219' title='bbox 1912 3145 2208 3211; x_wconf 87' lang='lat' dir='ltr'>omnibus</span> <span class='ocrx_word' id='word_1_220' title='bbox 2249 3144 2604 3230; x_wconf 87' lang='lat' dir='ltr'>incognita,</span> 
     </span>
     <span class='ocr_line' id='line_1_27' title="bbox 458 3248 2608 3343; baseline 0.001 -28"><span class='ocrx_word' id='word_1_221' title='bbox 458 3260 601 3317; x_wconf 86' lang='lat' dir='ltr'>tum</span> <span class='ocrx_word' id='word_1_222' title='bbox 669 3252 833 3319; x_wconf 87' lang='lat' dir='ltr'>haec</span> <span class='ocrx_word' id='word_1_223' title='bbox 902 3264 1295 3342; x_wconf 84' lang='lat' dir='ltr'>exprompta</span> <span class='ocrx_word' id='word_1_224' title='bbox 1340 3254 1585 3321; x_wconf 83' lang='lat' dir='ltr'>inveni</span> <span class='ocrx_word' id='word_1_225' title='bbox 1630 3262 1702 3343; x_wconf 64' lang='grc' dir='ltr'>Ρ.</span> <span class='ocrx_word' id='word_1_226' title='bbox 1771 3254 1933 3319; x_wconf 82' lang='lat'>596:</span> <span class='ocrx_word' id='word_1_227' title='bbox 1997 3248 2134 3336; x_wconf 84' lang='lat' dir='ltr'><strong>‘,‚V.</strong></span> <span class='ocrx_word' id='word_1_228' title='bbox 2206 3252 2309 3318; x_wconf 80' lang='lat'>62.</span> <span class='ocrx_word' id='word_1_229' title='bbox 2382 3250 2608 3317; x_wconf 86' lang='lat' dir='ltr'>Malim</span> 
     </span>
     <span class='ocr_line' id='line_1_28' title="bbox 464 3356 2610 3427; baseline 0.001 -6"><span class='ocrx_word' id='word_1_230' title='bbox 464 3356 836 3425; x_wconf 86' lang='lat' dir='ltr'>detineas</span> <span class='ocrx_word' id='word_1_231' title='bbox 884 3372 949 3425; x_wconf 89' lang='lat' dir='ltr'>et</span> <span class='ocrx_word' id='word_1_232' title='bbox 994 3360 1269 3427; x_wconf 87' lang='lat' dir='ltr'>citius.</span> <span class='ocrx_word' id='word_1_233' title='bbox 1356 3360 1519 3427; x_wconf 85' lang='lat' dir='ltr'>Mox</span> <span class='ocrx_word' id='word_1_234' title='bbox 1577 3362 1774 3427; x_wconf 88' lang='lat' dir='ltr'>etiam</span> <span class='ocrx_word' id='word_1_235' title='bbox 1821 3358 2100 3425; x_wconf 85' lang='lat' dir='ltr'>scribam</span> <span class='ocrx_word' id='word_1_236' title='bbox 2147 3358 2456 3425; x_wconf 84' lang='lat' dir='ltr'>libenter.</span> <span class='ocrx_word' id='word_1_237' title='bbox 2515 3362 2610 3425; x_wconf 88' lang='lat' dir='ltr'>In-</span> 
     </span>
     <span class='ocr_line' id='line_1_29' title="bbox 457 3463 2609 3575; baseline 0.003 -48"><span class='ocrx_word' id='word_1_238' title='bbox 457 3463 699 3531; x_wconf 83' lang='lat' dir='ltr'>fantem</span> <span class='ocrx_word' id='word_1_239' title='bbox 746 3465 971 3553; x_wconf 85' lang='lat' dir='ltr'>lingua</span> <span class='ocrx_word' id='word_1_240' title='bbox 1016 3468 1312 3533; x_wconf 83' lang='lat' dir='ltr'>eximie</span> <span class='ocrx_word' id='word_1_241' title='bbox 1338 3466 1735 3575; x_wconf 79' lang='lat' dir='ltr'>salibusque</span> <span class='ocrx_word' id='word_1_242' title='bbox 1769 3476 2152 3555; x_wconf 87' lang='lat' dir='ltr'>protervum</span> <span class='ocrx_word' id='word_1_243' title='bbox 2181 3464 2428 3548; x_wconf 81' lang='lat' dir='ltr'>Dilexi,</span> <span class='ocrx_word' id='word_1_244' title='bbox 2477 3486 2609 3533; x_wconf 88' lang='lat' dir='ltr'>non</span> 
     </span>
     <span class='ocr_line' id='line_1_30' title="bbox 456 3569 2606 3660; baseline 0 -24"><span class='ocrx_word' id='word_1_245' title='bbox 456 3569 894 3660; x_wconf 83' lang='lat' dir='ltr'>linguaque</span> <span class='ocrx_word' id='word_1_246' title='bbox 974 3573 1225 3639; x_wconf 88' lang='lat' dir='ltr'>simul.</span> <span class='ocrx_word' id='word_1_247' title='bbox 1358 3574 1527 3640; x_wconf 86' lang='lat' dir='ltr'>Nam</span> <span class='ocrx_word' id='word_1_248' title='bbox 1600 3584 1866 3639; x_wconf 82' lang='lat' dir='ltr'>vetusta</span> <span class='ocrx_word' id='word_1_249' title='bbox 1955 3572 2158 3638; x_wconf 89' lang='lat' dir='ltr'>editio</span> <span class='ocrx_word' id='word_1_250' title='bbox 2235 3572 2606 3639; x_wconf 83' lang='lat' dir='ltr'>Parmensis</span> 
     </span>
     <span class='ocr_line' id='line_1_31' title="bbox 457 3676 2605 3771; baseline 0 -30"><span class='ocrx_word' id='word_1_251' title='bbox 457 3676 741 3763; x_wconf 86' lang='lat' dir='ltr'>lingua</span> <span class='ocrx_word' id='word_1_252' title='bbox 788 3679 1161 3745; x_wconf 78' lang='lat' dir='ltr'>simium.‘</span> <span class='ocrx_word' id='word_1_253' title='bbox 1230 3678 1553 3747; x_wconf 82' lang='lat' dir='ltr'>Eximie</span> <span class='ocrx_word' id='word_1_254' title='bbox 1624 3689 2074 3769; x_wconf 84' lang='lat' dir='ltr'>protervus</span> <span class='ocrx_word' id='word_1_255' title='bbox 2143 3676 2516 3771; x_wconf 28' lang='lat' dir='ltr'>lingan</span> <span class='ocrx_word' id='word_1_256' title='bbox 2530 3689 2605 3743; x_wconf 90' lang='lat' dir='ltr'>ut</span> 
     </span>
     <span class='ocr_line' id='line_1_32' title="bbox 459 3759 2610 3871; baseline 0.002 -24"><span class='ocrx_word' id='word_1_257' title='bbox 459 3784 633 3871; x_wconf 82' lang='lat' dir='ltr'>apud</span> <span class='ocrx_word' id='word_1_258' title='bbox 680 3783 1042 3851; x_wconf 83' lang='lat' dir='ltr'>Catullum:</span> <span class='ocrx_word' id='word_1_259' title='bbox 1116 3785 1412 3853; x_wconf 85' lang='lat' dir='ltr'>eximie</span> <span class='ocrx_word' id='word_1_260' title='bbox 1459 3788 1674 3854; x_wconf 88' lang='lat' dir='ltr'>taedis</span> <span class='ocrx_word' id='word_1_261' title='bbox 1721 3786 2018 3851; x_wconf 86' lang='lat' dir='ltr'>felicibus</span> <span class='ocrx_word' id='word_1_262' title='bbox 2064 3793 2288 3850; x_wconf 82' lang='lat' dir='ltr'>auctus</span> <span class='ocrx_word' id='word_1_263' title='bbox 2333 3759 2610 3851; x_wconf 78' lang='lat' dir='ltr'>Haema-</span> 
     </span>
     <span class='ocr_line' id='line_1_33' title="bbox 461 3884 2606 3983; baseline -0 -27"><span class='ocrx_word' id='word_1_264' title='bbox 461 3891 642 3956; x_wconf 82' lang='lat' dir='ltr'>thiae</span> <span class='ocrx_word' id='word_1_265' title='bbox 692 3890 991 3957; x_wconf 87' lang='lat' dir='ltr'>columen</span> <span class='ocrx_word' id='word_1_266' title='bbox 1037 3892 1339 3960; x_wconf 81' lang='lat' dir='ltr'>Peleus.“</span> <span class='ocrx_word' id='word_1_267' title='bbox 1457 3894 1646 3977; x_wconf 78' lang='lat' dir='ltr'>Quae</span> <span class='ocrx_word' id='word_1_268' title='bbox 1706 3891 2080 3983; x_wconf 85' lang='lat' dir='ltr'>planissime</span> <span class='ocrx_word' id='word_1_269' title='bbox 2139 3884 2606 3974; x_wconf 73' lang='lat' dir='ltr'>demonstrant,</span> 
     </span>
     <span class='ocr_line' id='line_1_34' title="bbox 462 3998 2608 4087; baseline -0.002 -22"><span class='ocrx_word' id='word_1_270' title='bbox 462 4007 773 4086; x_wconf 79' lang='lat' dir='ltr'>quantum</span> <span class='ocrx_word' id='word_1_271' title='bbox 821 4001 995 4065; x_wconf 89' lang='lat' dir='ltr'>inter</span> <span class='ocrx_word' id='word_1_272' title='bbox 1022 3998 1280 4067; x_wconf 88' lang='lat' dir='ltr'>Heinsii</span> <span class='ocrx_word' id='word_1_273' title='bbox 1313 4009 1380 4067; x_wconf 92' lang='lat' dir='ltr'>et</span> <span class='ocrx_word' id='word_1_274' title='bbox 1411 3999 1787 4068; x_wconf 83' lang='lat' dir='ltr'>Marklandi</span> <span class='ocrx_word' id='word_1_275' title='bbox 1819 4000 2078 4066; x_wconf 85' lang='lat' dir='ltr'>intersit</span> <span class='ocrx_word' id='word_1_276' title='bbox 2110 4020 2382 4064; x_wconf 87' lang='lat' dir='ltr'>acumen</span> <span class='ocrx_word' id='word_1_277' title='bbox 2415 4007 2608 4087; x_wconf 86' lang='lat' dir='ltr'>atque</span> 
     </span>
     <span class='ocr_line' id='line_1_35' title="bbox 460 4104 2609 4199; baseline 0 -30"><span class='ocrx_word' id='word_1_278' title='bbox 460 4114 691 4188; x_wconf 83' lang='lat' dir='ltr'>artem,</span> <span class='ocrx_word' id='word_1_279' title='bbox 740 4114 1018 4195; x_wconf 84' lang='lat' dir='ltr'>suntque</span> <span class='ocrx_word' id='word_1_280' title='bbox 1066 4117 1243 4174; x_wconf 82' lang='lat' dir='ltr'>‘recte</span> <span class='ocrx_word' id='word_1_281' title='bbox 1291 4117 1359 4173; x_wconf 91' lang='lat' dir='ltr'>et</span> <span class='ocrx_word' id='word_1_282' title='bbox 1398 4108 1829 4195; x_wconf 87' lang='lat' dir='ltr'>probabiliter</span> <span class='ocrx_word' id='word_1_283' title='bbox 1874 4106 2212 4189; x_wconf 82' lang='lat' dir='ltr'>adornata,</span> <span class='ocrx_word' id='word_1_284' title='bbox 2259 4106 2384 4171; x_wconf 86' lang='lat' dir='ltr'>nisi</span> <span class='ocrx_word' id='word_1_285' title='bbox 2431 4104 2609 4199; x_wconf 83' lang='lat' dir='ltr'>quod</span> 
     </span>
     <span class='ocr_line' id='line_1_36' title="bbox 1076 4214 1673 4283; baseline 0.002 -16"><span class='ocrx_word' id='word_1_286' title='bbox 1076 4214 1323 4283; x_wconf 79' lang='lat' dir='ltr'>linguae</span> <span class='ocrx_word' id='word_1_287' title='bbox 1363 4214 1673 4268; x_wconf 74' lang='lat' dir='ltr'>eximium</span> 
     </span>
     <span class='ocr_line' id='line_1_37' title="bbox 465 4312 2609 4403; baseline -0.001 -26"><span class='ocrx_word' id='word_1_288' title='bbox 465 4312 657 4379; x_wconf 72' lang='lat' dir='ltr'>scribi</span> <span class='ocrx_word' id='word_1_289' title='bbox 692 4316 999 4403; x_wconf 85' lang='lat' dir='ltr'>oportuit,</span> <span class='ocrx_word' id='word_1_290' title='bbox 1050 4323 1255 4381; x_wconf 82' lang='lat' dir='ltr'>ut&#39;est</span> <span class='ocrx_word' id='word_1_291' title='bbox 1287 4313 1445 4381; x_wconf 85' lang='lat' dir='ltr'>Silv.</span> <span class='ocrx_word' id='word_1_292' title='bbox 1477 4316 1560 4381; x_wconf 90' lang='lat'>11.</span> <span class='ocrx_word' id='word_1_293' title='bbox 1610 4316 1672 4398; x_wconf 89' lang='grc'>6,</span> <span class='ocrx_word' id='word_1_294' title='bbox 1721 4314 1836 4381; x_wconf 73' lang='lat'>&#39;972</span> <span class='ocrx_word' id='word_1_295' title='bbox 1885 4314 2256 4380; x_wconf 85' lang='lat' dir='ltr'>Eximius</span> <span class='ocrx_word' id='word_1_296' title='bbox 2303 4313 2456 4378; x_wconf 88' lang='lat' dir='ltr'>licet</span> <span class='ocrx_word' id='word_1_297' title='bbox 2503 4312 2609 4379; x_wconf 86' lang='lat' dir='ltr'>ille</span> 
     </span>
     <span class='ocr_line' id='line_1_38' title="bbox 466 4408 2608 4510; baseline 0.001 -28"><span class='ocrx_word' id='word_1_298' title='bbox 466 4420 703 4484; x_wconf 84' lang='lat' dir='ltr'>animi</span> <span class='ocrx_word' id='word_1_299' title='bbox 736 4408 1135 4510; x_wconf 82' lang='lat' dir='ltr'>meritusque</span> <span class='ocrx_word' id='word_1_300' title='bbox 1170 4420 1462 4487; x_wconf 86' lang='lat' dir='ltr'>dolorem</span> <span class='ocrx_word' id='word_1_301' title='bbox 1494 4419 1828 4489; x_wconf 82' lang='lat' dir='ltr'>Solvisti.“</span> <span class='ocrx_word' id='word_1_302' title='bbox 1861 4422 2048 4507; x_wconf 79' lang='lat' dir='ltr'>Virg.</span> <span class='ocrx_word' id='word_1_303' title='bbox 2083 4421 2248 4485; x_wconf 90' lang='lat' dir='ltr'>Aen.</span> <span class='ocrx_word' id='word_1_304' title='bbox 2281 4420 2394 4483; x_wconf 81' lang='lat' dir='ltr'>xl.</span> <span class='ocrx_word' id='word_1_305' title='bbox 2445 4418 2608 4484; x_wconf 81' lang='lat'>417:</span> 
     </span>
    </p>
   </div>
  </div>
 </body>
</html>
