3234 4967
1321 434 1603 510 Conject.
1642 434 1683 487 Ι.
2476 439 2569 485 161

431 605 567 657 facta
602 607 725 672 est,“
760 607 881 656 ferri
917 606 1024 655 ullo
1062 612 1212 671 pacto
1248 612 1420 671 potest
1452 605 1576 654 hoc:
1613 619 1986 671 „quaecunque
2015 605 2274 671 planctu
2311 606 2362 653 in
2400 604 2572 655 furo-

432 707 551 741 rem
590 693 711 741 data
748 699 839 752 est,
877 699 1104 757 questa
1142 687 1287 741 est.“

568 775 701 835 Quid
734 776 843 839 jam
882 758 1045 826 dicam
1084 778 1147 825 de
1186 774 1463 836 Gronovio‚
1502 775 1834 841 Markland0‚
1871 774 2117 840 Weber0,
2153 775 2449 835 Duebnero‚
2487 774 2572 840 qui

432 861 658 911 Domitio
707 860 1019 911 Meliboeam
1057 862 1379 911 Philoctetae
1428 876 1642 910 uxorem
1690 860 1908 923 intelligi
1964 861 2168 925 opinato
2223 862 2572 910 credulitatem

437 962 581 995 suam
620 946 965 995 addixerunt?
1000 946 1075 994 At
1111 946 1407 995 reclamavit
1430 942 1674 995 Barthius
1711 962 1759 1010 p.
1789 946 1912 995 341:
1953 946 2241 1004 „Domitius
2269 944 2572 995 Calderinus

436 1046 567 1095 quae
604 1030 706 1080 hoe
740 1032 856 1081 loco
893 1038 993 1080 tam
1037 1030 1349 1080 confidenter
1392 1026 1569 1091 tradit,'
1597 1030 1752 1079 nullis
1799 1026 2012 1079 testibus
2063 1032 2280 1094 probare
2325 1031 2574 1095 pote1·at,“

432 1124 483 1165 at
520 1116 768 1165 reclamat
802 1131 905 1165 non
944 1117 1205 1165 nominato
1227 1108 1440 1165 Barthio
1465 1116 1708 1165 Imhofius
1736 1131 1784 1181 p.
1805 1117 1886 1175 19,
1924 1122 1977 1163 at
2012 1116 2253 1164 reclamat
2288 1115 2572 1165 fabularum

433 1208 663 1250 veterum
700 1201 827 1250 fides
864 1206 915 1250 et
950 1201 1249 1253 constantia,
1303 1198 1536 1265 Namque
1575 1200 1923 1264 exemplorum
1950 1200 2130 1249 ordine
2155 1201 2232 1249 usi
2258 1201 2572 1250 translaticio

430 1300 545 1334 cum
588 1283 914 1350 Penelope
962 1285 1299 1346 Alcestin,
1336 1286 1681 1346 Euadnen,
1709 1284 2109 1334 Laodamiam
2148 1291 2575 1349 comparaverunt

434 1369 795 1420 Ovidius-Art.
821 1368 939 1424 Am,
970 1369 1063 1420 111.
1093 1372 1154 1419 17
1193 1376 1244 1419 et
1282 1366 1485 1435 (quibus
1520 1370 1650 1419 locis
1684 1385 1786 1419 non
1824 1370 2038 1418 intendit
2072 1368 2394 1419 Burmannus
2422 1358 2572 1434 Prop.

430 1454 472 1503 1.
513 1455 593 1514 15,·
629 1456 688 1503 21
729 1470 779 1519 p.
808 1454 928 1516 149)
966 1454 1117 1504 Trist.
1154 1454 1222 1503 V.
1261 1454 1309 1515 5,
1348 1455 1565 1505 51—58.
1604 1456 1686 1514 14,
1725 1454 1896 1504 35·40.
1969 1454 2122 1505 Pont.
2148 1452 2245 1503 111.
2277 1455 2321 1512 1,
2350 1454 2574 1504 105-110

433 1536 602 1603 (quem
639 1546 884 1601 sequutus
922 1538 1317 1588 castissimarum
1355 1536 1654 1587 feminarum
1691 1537 1870 1587 laudes
1896 1539 2149 1587 uberrime
2175 1539 2470 1602 complexus
2499 1545 2575 1586 est

433 1623 694 1672 Pontanus
718 1622 771 1671 in
795 1636 887 1672 suo
914 1623 978 1671 ad
1004 1637 1210 1672 uxorem
1238 1623 1459 1673 carmine
1486 1637 1534 1688 p.
1554 1624 1656 1673 402
1692 1638 1767 1687 sq.
1805 1621 1868 1672 ef.
1898 1622 2038 1671 Bnrl.
2061 1622 2266 1673 Heroic.
2287 1622 2314 1671 1
2338 1638 2386 1686 p.
2407 1617 2497 1681 95)
2527 1628 2577 1671 et

431 1706 640 1771 Hygin
654 1720 723 1755 us
744 1706 869 1758 256:
888 1706 1185 1773 „Penelope
1206 1732 1267 1743 -·
1281 1706 1497 1757 Euadne
1520 1732 1581 1743 -
1600 1706 1883 1757 Laodamia
1900 1704 2078 1755 Acasti
2096 1704 2217 1767 filia,
2237 1706 2424 1769 conjux
2444 1707 2573 1755 Pro-

430 1790 614 1841 tesilai.
634 1792 847 1842 Hecuba
868 1819 930 1829 —
949 1792 1250 1841 Theonoe
1270 1790 1606 1841 Thestoris
1631 1792 1802 1852 filia,
1827 1806 1962 1839 uxor
1977 1792 2183 1841 Admeti
2204 1817 2266 1825 —
2287 1790 2574 1851 Lucretia‚“

434 1876 578 1940 cujus
600 1878 701 1928 loci
722 1878 858 1927 vitiis
884 1878 960 1938 iis,
981 1892 1110 1942 quae
1137 1892 1248 1925 cum
1272 1890 1449 1926 omnes
1474 1884 1577 1925 tum
1600 1876 1865 1927 Ciofanum
1887 1875 2181 1927 Ovid.Fast.
2201 1874 2276 1926 Π.
2296 1877 2392 1925 741
2414 1891 2461 1939 p.
2479 1877 2575 1926 143

432 1960 736 2023 fefellerunt,
772 1962 872 2011 hae
898 1970 1005 2012 arte
1032 1961 1316 2011 eximendi:
1356 1961 1675 2022 „Thean0‚
1712 1962 1995 2011 Alcestis
2021 1960 2248 2010 Peliae
2276 1961 2418 2010 filia“
2456 1976 2575 2011 auc·

431 2054 587 2096 torem
628 2049 693 2098 do
732 2047 817 2097 J0.
844 2048 1089 2097 Tzetzam
1123 2046 1398 2097 Antehom.
1437 2048 1560 2096 238:
1598 2041 1892 2111 Λαοδάμεια
1928 2073 1992 2081 -
2029 2039 2135 2116 Τὴν
2173 2043 2270 2113 ἐγὼ
2308 2044 2458 2097 αἰνέω
2497 2041 2572 2117 ἠδ’

433 2126 543 2181 αὖτ’
592 2127 761 2203 ἔξοχον
806 2126 1159 2202 ἀμφαγαπάζω
1203 2124 1291 2185 ζΩς
1334 2124 1556 2197 Εὐάδνην
1607 2120 1845 2198 Ἃλαξηςίν
1885 2147 1939 2180 τε
1986 2130 2071 2180 καὶ
2116 2126 2427 2182 Ἀντιόπειαν
2471 2127 2575 2205 Τὴν

432 2212 642 2267 Θεανώ
686 2232 741 2266 τε
785 2214 869 2267 καὶ
914 2210 1139 2281 Οἰνώνην
1183 2212 1267 2264 καὶ
1305 2210 1607 2284 Λουκρετίην
1655 2202 1709 2265 τὲ
1764 2210 1882 2265 'Hes
1928 2214 2013 2265 καὶ
2049 2210 2362 2285 Ἀβραδάτου
2415 2216 2576 2287 καλὴν

433 2300 622 2373 ἄλοχον
662 2294 912 2367 Πανθείην
950 2294 1081 2367 Πρὸς
1116 2297 1168 2350 δέ
1203 2315 1258 2367 γε
1296 2293 1528 2366 Πορκίην.
1583 2299 1763 2366 Neque
1799 2302 1848 2349 id
1879 2301 2130 2365 judicium
2155 2304 2334 2352 iterum
2361 2304 2414 2352 in
2441 2304 2575 2354 Ohil.

429 2388 499 2439 11.
554 2388 671 2439 hist.
711 2388 792 2440 52.
834 2388 898 2439 53
934 2402 981 2435 ν.
1022 2388 1123 2437 780
1158 2401 1267 2451 sqq.
1306 2402 1354 2449 p.
1394 2388 1459 2435 70
1496 2401 1569 2449 sq.
1626 2384 1817 2435 factum
1860 2394 2109 2451 quatenus
2166 2388 2475 2439 Laodamiae
2527 2398 2578 2440 et

431 2474 673 2523 Euadnes
712 2482 862 2538 atque
883 2471 1163 2521 Alcestidis
1200 2471 1406 2535 egregia
1430 2470 1658 2520 facinora
1687 2478 1975 2532 narrantur,
2011 2487 2113 2521 non
2141 2474 2450 2535 confirmant,
2490 2476 2576 2538 qui

432 2560 610 2623 quales
646 2553 897 2619 Panthia,
949 2556 1258 2616 Laodamia,
1309 2556 1526 2605 Euadne
1562 2556 1781 2606 describi
1817 2557 1999 2606 solitae
2037 2557 2162 2617 sint,
2207 2558 2365 2608 refert
2401 2559 2575 2610 Philo-

430 2652 620 2695 stratus
656 2646 749 2694 Im.
786 2642 855 2695 11.
894 2645 925 2693 9
963 2659 1010 2707 p.
1049 2644 1130 2702 68,
1170 2644 1236 2692 20
1272 2652 1322 2691 et
1357 2642 1467 2705 pari
1501 2641 1775 2690 verborum
1813 2642 2008 2692 honore
2046 2644 2344 2708 complexus
2369 2646 2578 2696 nomina

431 2726 744 2780 Laodamiae
782 2736 835 2778 et
871 2728 1115 2777 Euadnes
1152 2742 1211 2775 ac
1248 2725 1520 2775 Lucretiae
1558 2724 1875 2776 Claudianus
1910 2726 1970 2777 L.
2012 2726 2188 2778 Seren.
2230 2732 2327 2781 150
2363 2746 2437 2794 sq.
2486 2730 2575 2794 (ef.

432 2814 544 2865 Pie.
582 2814 856 2864 Mirandul.
896 2829 944 2877 p.
984 2814 1099 2862 211.
1175 2810 1433 2873 Quintian.
1472 2812 1523 2860 in
1560 2810 1697 2861 Obit.
1737 2812 1922 2862 Annae
1958 2828 2006 2875 p.
2035 2814 2133 2863 517
2160 2829 2233 2877 sq.
2274 2814 2374 2864 Tit.
2410 2816 2576 2865 Stroz.

432 2916 482 2965 p.
504 2902 651 2951 1007.
689 2896 895 2948 Marull.
934 2896 1107 2962 Epigr.
1148 2898 1213 2947 ad
1240 2896 1421 2949 Neaer.
1449 2908 1483 2962 p
1520 2896 1612 2961 36)
1652 2906 1700 2946 ct
1726 2897 1999 2949 Alcestidis
2035 2914 2094 2947 ac
2116 2898 2430 2951 Laodamiae
2467 2902 2577 2951 lau-

432 2986 579 3035 dator
612 2986 723 3049 ipse
760 2983 951 3032 Statius
986 2982 1053 3031 V.
1094 2984 1141 3041 3,
1178 2983 1294 3042 272,
1344 2976 1589 3031 Euadnes
1633 2992 1683 3032 et
1719 2982 1997 3033 Alcestidis
2033 2982 2285 3035 Martialis
2311 2986 2405 3038 IV.
2438 2988 2518 3043 75.
2547 2988 2576 3037 5

434 3068 501 3122 ef.
538 3068 713 3119 Sidon.
751 3067 974 3131 Apollin.
1013 3066 1105 3139 XI.
1144 3066 1226 3120 67.
1265 3069 1345 3117 71.
1403 3066 1600 3126 Quibus
1639 3074 1846 3133 propter
1870 3068 2222 3134 Antiopam
2252 3066 2392 3134 (Seu.
2423 3070 2574 3136 Hipp,

435 3156 547 3208 226,
586 3155 724 3205 Plut.
763 3152 919 3206 Thes.
958 3154 1041 3215 25,
1082 3154 1125 3204 3.
1167 3152 1371 3203 Bachct.
1413 3152 1560 3204 Ovid.
1586 3152 1747 3217 Epist.
1776 3154 1817 3206 Ι,
1844 3168 1890 3217 Ρ.
1916 3154 2014 3204 372
2054 3152 2150 3217 sq.)
2190 3160 2241 3203 et
2279 3152 2576 3207 Oen-ouen

433 3256 466 3289 a
500 3240 688 3288 Tzetza
723 3245 1139 3288 commemoratas
1179 3237 1485 3303 subjungere
1528 3253 1634 3287 non
1682 3238 1900 3287 alienum
1949 3249 2026 3287 est
2076 3240 2290 3303 primum
2331 3238 2576 3299 Quintum

436 3321 769 3387 Smyrnaeum
805 3323 873 3372 X.
909 3324 1034 3373 479:
1074 3316 1299 3389 Οἰνώνην
1340 3350 1400 3358 -
1440 3318 1707 3389 ἐθάμβεον,
1755 3320 1867 3373 εὖτε
1912 3319 2149 3393 πάροιθεν
2187 3319 2406 3393 Ἀργεῖοι
2449 3320 2579 3391 θάμ-

437 3406 595 3473 βησαν
633 3404 837 3463 ἀολλέες
868 3402 1176 3477 ἀθρήσαντες
1211 3400 1460 3473 Εὐάδνην,
1507 3407 1691 3457 deinde
1732 3402 1995 3468 Ovidium,
2034 3410 2119 3472 qui
2156 3410 2206 3459 in
2245 3411 2580 3460 celebratissi-

436 3509 628 3542 marum
664 3493 962 3543 feminarum
997 3508 1266 3543 numerum
1306 3492 1477 3541 retulit
1512 3490 1998 3545 Andromachen
2037 3494 2192 3545 Trist.
2220 3494 2285 3543 V.
2315 3498 2360 3555 5,
2385 3496 2468 3545 44.
2499 3496 2578 3557 14,

435 3580 500 3628 37
538 3575 629 3641 (cf.
668 3577 807 3627 Barl.
846 3577 996 3641 Eleg,
1031 3576 1112 3625 111
1138 3592 1186 3641 p.
1211 3577 1331 3627 155:
1368 3576 1547 3637 „Talis
1586 3603 1647 3612 —
1689 3576 2052 3627 Andromache
2090 3605 2172 3639 -,
2211 3580 2353 3628 Talis
2391 3580 2582 3644 conjux

433 3663 646 3712 illustris
672 3662 885 3727 Ulyssis,
922 3662 1067 3712 Talis
1106 3669 1216 3711 erat
1239 3662 1388 3711 Latio
1415 3662 1603 3713 Porcia
1638 3672 1796 3727 nupta
1822 3664 2020 3725 duci“);
2057 3662 2354 3727 Propertius
2381 3666 2580 3727 quidem

384 3812 388 3823 ι
433 3749 588 3797 fidem
626 3755 678 3798 et
713 3748 950 3812 pietatem
988 3748 1182 3797 censeri
1220 3748 1384 3797 voluit
1420 3746 1639 3797 Euadne
1677 3755 1726 3797 et
1764 3748 2019 3812 Penelope
2056 3748 2154 3798 111.
2197 3752 2275 3808 11,
2313 3751 2379 3799 24
2422 3748 2580 3814 (quae
2603 3778 2674 3790 -—-

434 3834 637 3883 nomina
693 3834 905 3883 mutuati
962 3840 1080 3882 sunt
1134 3832 1235 3882 Tit.
1274 3830 1457 3881 Stroza
1492 3832 1660 3882 Laud.
1702 3834 1928 3883 Anthiae
1964 3851 2012 3899 p.
2042 3836 2139 3885 998
2195 3842 2250 3884 et
2292 3835 2462 3884 Pansa
2515 3836 2580 3885 de

439 3919 644 3969 Molsae
682 3916 838 3967 Obitu
873 3934 922 3983 p.
953 3916 1059 3980 75),
1095 3917 1468 3983 Hypsipyle
1506 3926 1557 3967 et
1589 3916 1804 3968 Euadne
1842 3918 1882 3968 1.
1913 3920 1993 3979 15,
2023 3920 2086 3970 19
2123 3918 2188 3968 cf.
2217 3919 2393 3970 Sidon.
2420 3920 2582 3984 Apol-

434 3999 527 4054 lin.
564 4002 659 4055 XI.
688 4002 754 4054 66
797 4005 875 4053 71.
950 4002 1054 4053 Tot
1088 4003 1242 4067 igitur
1276 4002 1580 4067 scriptorum
1619 4018 1896 4053 consensus
1934 4000 2042 4068 (qui
2079 4011 2299 4069 quantus
2337 4013 2472 4054 esset
2506 4006 2581 4055 in-

435 4098 756 4154 compertum
808 4088 906 4137 suit
941 4088 1157 4138 Imhofio
1194 4104 1240 4139 ν.
1278 4090 1346 4139 49
1381 4104 1431 4153 p.
1459 4090 1525 4138 20
1560 4089 1641 4140 his
1678 4087 1944 4138 defuncto:
1990 4087 2232 4155 planctus
2273 4090 2324 4138 in
2361 4089 2585 4141 furorem
3205 4102 3207 4167 1

434 4174 683 4223 dederunt
716 4172 1055 4234 Didonem,
1094 4172 1526 4234 Laodamiam,
1563 4174 1944 4239 Alcyonam‚
1982 4172 2164 4237 alias“)
2209 4189 2396 4239 magno
2431 4190 2584 4240 argu·
3205 4174 3207 4211 Ι

432 4266 607 4309 mento
646 4266 729 4309 est
766 4258 1149 4322 certissimoque
1184 4258 1374 4310 indicio
1412 4275 1615 4321 „uxor
1631 4254 1722 4309 e'm
1759 4258 2146 4320 Protesilai,
2196 4276 2328 4325 quae
2373 4267 2586 4325 propter
3205 4212 3207 4290 A

435 4359 658 4395 amorem
695 4343 878 4411 periit“
918 4341 1112 4408 (Schol.
1136 4342 1332 4394 Lucan.
1358 4343 1458 4395 111.
1487 4347 1551 4396 14
1575 4362 1627 4411 p.
1649 4346 1762 4395 182.
1800 4338 2170 4414 ποικιλόδακρυς
2192 4340 2362 4400 Noun.
2376 4344 2582 4396 XXIV.

436 4432 549 4481 194.
570 4429 768 4484 Auson.
793 4428 978 4496 Cupid.
1003 4428 1115 4494 35),
1152 4444 1305 4480 unam
1342 4426 1573 4480 omnium
1609 4431 1959 4495 dignissimam
1995 4430 2216 4480 habitam
2243 4430 2416 4491 fuisse,
2453 4445 2585 4495 quae
2661 4426 2670 4435 ‘
