3234 4967
1320 401 1542 453 Adnon.
1581 402 1663 453 31.
2481 398 2562 462 45

418 608 664 674 Phaen.
714 608 845 673 360
887 591 1409 671 ‘noaoxaaejorou
1435 601 1795 692 ποταμοῖο.
1841 605 2090 672 Mosch.
2144 605 2243 672 Id.
2301 605 2426 671 III.
2477 604 2562 670 74

413 707 978 778 πολυκλαύστοισι
1007 705 1396 806 ῥεέθροις),
1441 727 1743 782 mar-cet
1790 726 2037 780 taxea
2083 711 2300 778 silva
2345 719 2563 776 autem

413 821 709 887 similiter
775 835 970 911 atque
1037 846 1077 888 a
1137 822 1500 888 Claudiano
1549 823 1749 910 Nupt.
1806 821 1979 885 Hon.
2035 818 2194 886 205:
2263 827 2568 883 marcet

412 930 878 1015 segnities“
927 938 994 994 et
1038 927 1348 993 Ennodio
1383 927 1599 993 Carm.
1634 927 1724 992 H.
1760 927 1843 991 66
1890 951 1954 1015 p.
1990 925 2140 991 346.
2176 924 2281 992 C.:
2315 946 2566 1012 ponens

411 1045 866 1100 marcentes
935 1044 1210 1123 pectore
1283 1056 1512 1099 curas
1526 1083 1543 1117 7
1617 1035 1809 1122 cujus·
1882 1054 2015 1098 non
2095 1030 2305 1118 magis
2373 1052 2567 1118 quam

413 1141 604 1206 Statii
651 1141 716 1205 h.
747 1141 790 1206 l.
827 1152 945 1205 aut
992 1139 1198 1206 Theb.
1248 1138 1379 1205 Vll.
1423 1140 1585 1204 640:
1636 1139 1921 1205 Certat
1970 1159 2168 1226 opus
2214 1137 2408 1201 ferri
2455 1135 2567 1212 (de

415 1271 540 1336 quo
589 1245 1024 1335 explicabitur
1069 1245 1396 1311 Emendd.
1431 1245 1629 1332 Prop.
1672 1244 1791 1315 IV.
1841 1246 1881 1308 2
1926 1254 2062 1308 not.
2096 1242 2212 1331 37)
2246 1243 2567 1309 rationem

413 1354 784 1419 habuerunt
829 1350 1148 1418 Barthius
1198 1349 1543 1415 Claudian.
1599 1349 1641 1413 l.
1690 1350 1753 1413 d.
1809 1351 1933 1414 103
1989 1373 2053 1437 p.
2104 1349 2233 1414 823
2290 1357 2358 1412 et
2412 1348 2573 1412 Bur·

413 1483 688 1524 mannus
747 1482 810 1547 p.
865 1460 1010 1524 189.
1082 1459 1162 1522 cf.
1213 1455 1420 1524 Theb.
1469 1457 1585 1520 Xl.
1637 1457 1757 1520 92:
1821 1454 2071 1519 hebet
2127 1456 2339 1520 infera
2388 1453 2571 1520 coelo

415 1566 659 1630 Taxus.

1376 1727 1459 1807 V.
1520 1727 1626 1810 31.
1743 1751 1749 1756 ·

592 1883 731 1946 Nec
788 1881 894 1946 hic
950 1903 1182 1945 versus
1246 1903 1379 1946 non
1434 1881 1678 1966 insigni
1739 1891 1836 1946 est
1896 1881 2319 1961 documento,
2377 1901 2571 1966 quam

419 1987 650 2052 devius
697 1986 986 2053 consiliis
1035 1987 1402 2076 (fatendum
1465 1999 1566 2053 est
1611 1987 1813 2076 enim)
1870 1989 2066 2054 fuerit
2116 1983 2570 2052 Marklandus.

416 2093 792 2180 Imperitiae
815 2143 832 2178 ,
882 2095 1112 2183 inquit,
1175 2096 1366 2180 argui
1410 2103 1631 2182 potest
1674 2095 1923 2160 Statius
1970 2093 2334 2180 insequenti
2383 2102 2571 2179 parte

421 2202 819 2265 sententiae:
891 2203 1197 2287 ignavo
1269 2201 1560 2289 pollice
1632 2199 1979 2265 chordas
2051 2196 2318 2265 Pulso:
2392 2196 2577 2262 deest

421 2307 593 2370 enim
641 2305 975 2394 epitheton
1037 2300 1158 2370 τοῦ
1187 2307 1558 2390 chordaS,
1617 2306 1795 2396 quod
1842 2328 2101 2372 sensum
2147 2301 2477 2390 adaugeat
2508 2313 2575 2368 et
2618 2340 2632 2358 ·

426 2410 783 2495 diffundat,
835 2413 1026 2500 quale
1090 2423 1263 2478 essct
1305 2423 1665 2478 moestas
1720 2411 1825 2477 vel
1881 2412 2192 2477 tacitas
2252 2409 2357 2475 vel
2418 2410 2577 2498 quid

423 2517 764 2606 ejusmodi.
845 2518 1122 2585 Certum
1169 2519 1372 2605 igitur
1419 2529 1518 2585 est
1563 2543 1604 2586 a
1644 2519 1852 2585 Statio
1884 2519 2083 2584 fuisse
2116 2517 2285 2582 hanc
2320 2517 2579 2582 distinc-

365 2647 376 2660 ·
420 2624 690 2688 tionem:
750 2624 1170 2690 Excludit.
1218 2627 1467 2691 ramis
1514 2627 1827 2712 ig'nav0.
1922 2625 2056 2691 Sub
2117 2646 2279 2690 voce
2327 2625 2577 2689 ramis

421 2727 582 2794 latet
628 2730 969 2817 epitheton
1041 2727 1162 2794 τοῦ
1205 2731 1503 2814 chordaS,
1553 2730 1731 2820 quod
1751 2814 1755 2819 ι
1760 2733 1901 2820 jam
1949 2731 2413 2820 quaerendum.
2484 2730 2576 2796 Et

421 2835 793 2902 Parmensis
840 2860 961 2924 pro
1010 2837 1408 2925 Excludit
1467 2838 1668 2904 habet
1713 2835 2107 2902 Excludi:
2164 2836 2337 2902 unde
2396 2858 2581 2904 vero-

427 2941 822 3008 simillimum
879 2955 980 3010 ‘cst
1027 2968 1252 3011 vocem
1312 2947 1610 3034 proxime
1661 2955 2039 3032 sequentem
2088 2967 2128 3008 a
2172 2942 2364 3009 litera
2409 2953 2437 3008 t
2481 2944 2574 3008 in·

425 3049 647 3136 cipere
709 3051 981 3116 debere:
1061 3054 1341 3119 tramis
1414 3053 1692 3139 ignavo:
1753 3050 1926 3116 unde
1986 3051 2125 3114 exit
2180 3049 2579 3115 tremulas

424 3156 668 3240 ignavo
713 3155 948 3243 pollice
996 3141 1365 3243 chordas,
1415 3158 1592 3246 quod
1642 3159 1883 3246 optime
1924 3157 2186 3245 quidem
2233 3156 2385 3221 huic
2432 3155 2576 3222 loco

426 3264 733 3329 convenit
781 3274 847 3328 et
892 3266 1106 3352 poetis
1166 3265 1661 3330 usitatissimum
1708 3272 1827 3328 est.
1924 3263 2089 3328 Cum
2150 3284 2309 3328 vero
2357 3273 2581 3328 noster

427 3369 582 3434 alibi
628 3370 756 3457 Ep.
791 3371 876 3436 ad
922 3371 1214 3438 Marcell.
1261 3372 1346 3438 52
1391 3372 1556 3437 haec
1602 3370 1877 3440 habeat:
1938 3379 2225 3434 tenues
2286 3370 2577 3455 ignavo

426 3475 725 3562 pollice
784 3477 1138 3546 chordas
1196 3478 1475 3562 Puls0,
1549 3489 1615 3543 ct
1684 3478 1789 3542 hic
1861 3499 2117 3566 quoque
2187 3487 2345 3564 puto
2402 3475 2581 3542 illum

427 3583 794 3669 scripsisse:
841 3593 1130 3649 tenues
1176 3587 1508 3671 ignavo.
1593 3586 1693 3650 De
1742 3607 1869 3673 quo
1892 3583 2195 3672 judicent
2227 3582 2357 3648 alii.
2429 3583 2577 3648 Hoc

428 3698 676 3752 certum
719 3699 818 3754 est
840 3690 1120 3756 Statium
1155 3713 1348 3778 saepe
1381 3700 1683 3778 repetere
1710 3689 1916 3756 solere
1951 3713 2069 3756 sua
2100 3688 2575 3754 hemistichia-st

431 3795 614 3876 Quae
665 3799 1148 3882 argumentatio
1197 3820 1393 3885 quum
1453 3797 1621 3862 falsa
1675 3806 1847 3862 esset
1893 3807 2034 3862 tota
2093 3796 2247 3885 (nec
2282 3798 2421 3883 jam
2468 3819 2578 3862 ne-

429 3923 606 3966 cesse
666 3913 767 3967 est
825 3902 1080 3989 singula
1144 3901 1518 3988 singulatim
1567 3901 1919 3991 convinci),
1970 3902 2308 3968 Duebneri
2355 3914 2576 3968 tamen

430 4030 698 4073 assensu
767 4007 1190 4097 comprobata
1259 4019 1377 4074 est.
1485 4009 1675 4074 Adeo
1756 4008 1914 4073 nihss
1982 4010 2228 4096 profuit
2310 4011 2579 4095 cognita

428 4112 870 4199 Rehdigerani
933 4113 1242 4202 (quocum
1288 4107 1633 4180 coricincre
1682 4114 2245 4200 Salisburgensem
2293 4126 2574 4183 testatur

430 4217 743 4284 Imhofius
789 4218 830 4284 l.
868 4219 929 4285 d.
964 4244 1028 4308 p.
1063 4220 1180 4309 43)
1227 4220 1375 4286 libri
1410 4221 1787 4304 auctoritem,
1824 4241 1908 4285 ex
1939 4244 2069 4309 quo
2102 4243 2271 4310 quae
2304 4232 2573 4288 enotata

431 4335 580 4390 sunt
613 4325 947 4413 (Queckio
980 4349 1044 4414 p.
1070 4325 1340 4392 XXVll.
1374 4325 1717 4415 probata):
1752 4328 2000 4408 ·„ramis
2032 4349 2181 4393 nec
2214 4328 2577 4417 eburno“

433 4431 786 4496 manifesto
836 4443 1118 4517 arguunt
1167 4455 1429 4498 versum
1476 4432 1782 4498 carminis
1839 4431 1946 4496 lv.
1995 4434 2059 4516 4,
2108 4435 2227 4498 53:
2286 4445 2578 4498 tenues
