3234 4967
622 360 705 425 76
1508 367 1731 420 ΑότιοΙ.
1767 367 1849 422 46.

620 576 809 645 simul
877 599 1022 646 ora
1089 569 1379 660 loqui.“
1491 575 1582 643 Et
1650 577 1775 644 hoe
1830 577 2089 666 quidem
2150 580 2450 666 quamvis
2506 604 2766 668 magne,

617 694 691 751 ut
735 689 1028 755 nonnulli
1075 687 1314 762 dicent,
1361 683 1692 750 molimine
1735 685 2104 772 quaesitum
2136 692 2267 750 tam
2315 685 2505 752 firme
2550 696 2765 770 tene0,

617 803 693 858 ut
744 793 851 859 vel
912 792 1410 884 Wyttenbaehii
1481 789 1594 856 illa
1653 789 1860 858 verba
1934 791 2222 856 mutuari
2278 791 2583 860 audeam:
2658 794 2767 876 „si

519 973 521 976 Α
619 899 732 987 qui
764 900 1101 990 scriptoris
1144 923 1332 966 usum
1369 897 1530 964 mihi
1559 896 1943 983 comedant,
1974 917 2242 962 neeesse
2275 919 2417 964 esse
2451 906 2525 963 ut
2568 898 2766 966 iidem

621 1026 881 1072 sensum
939 1009 1096 1074 mihi
1165 1005 1534 1072 concedant
1601 1007 1869 1093 ejusque
1938 1003 2391 1070 auctoritatem
2452 1003 2627 1093 apud
2696 1026 2765 1070 se

616 1111 838 1178 valere
885 1116 1284 1202 patiantur.“
1335 1111 1531 1196 Quod
1561 1112 1619 1176 si
1665 1111 1775 1199 qui
1819 1107 2048 1193 nolint,
2098 1110 2178 1176 iis
2224 1110 2583 1204 gratificari
2610 1109 2767 1178 lieet

615 1218 937 1307 parabilia
982 1220 1172 1286 haee:
1218 1220 1263 1285 J
1280 1243 1396 1284 am
1441 1218 1767 1284 nimium
1797 1239 1997 1282 nosco
2032 1238 2148 1283 ora
2180 1215 2413 1283 domus
2458 1214 2764 1305 (legimus

615 1326 786 1390 enim
835 1325 1071 1392 similia
1114 1326 1321 1393 Theb.
1368 1323 1482 1390 IX.
1529 1324 1691 1390 357:
1738 1323 1824 1388 ah
1869 1324 2145 1409 miserae
2202 1323 2540 1390 nimium
2586 1345 2765 1390 nos-

613 1433 868 1499 cenda
896 1434 1154 1521 parenti
1183 1430 1519 1521 Parma“).
1551 1432 1843 1496 Nam—
1865 1431 2615 1496 mirum—nostrae
2650 1453 2768 1496 ora

613 1537 862 1604 domus.
953 1539 1059 1604 Mi
1126 1540 1397 1605 nimium
1467 1536 1726 1627 (nosco)
1780 1559 1899 1602 ora
1944 1533 2193 1618 domus,
2246 1534 2351 1623 (ut
2397 1535 2606 1602 Theb.
2656 1535 2763 1602 lV.

613 1644 776 1712 5372
821 1645 922 1710 Ne
967 1646 1238 1732 vulgata
1281 1642 1576 1734 mihi“).
1647 1643 1968 1708 Nimirum
2005 1643 2131 1708 eui
2174 1651 2491 1708 moesta
2536 1642 2765 1708 domus

615 1748 886 1838 (catull.
921 1751 1027 1835 64,
1077 1753 1161 1816 26
1195 1752 1324 1818 cui
1358 1750 1512 1816 Dat.
1547 1747 1768 1838 cum).
1816 1749 2007 1814 Nam
2037 1747 2225 1813 mihi
2254 1769 2453 1812 nune
2483 1746 2767 1814 clamosa

617 1855 867 1922 domus.
961 1857 1098 1922 Nos
1145 1856 1412 1944 quidem
1477 1855 1746 1943 probari
1806 1852 2131 1922 volumus:
2188 1854 2233 1919 J
2247 1867 2364 1919 am
2410 1838 2763 1920 mussant

617 1959 926 2052 (nosco)
975 1985 1113 2028 ora
1159 1961 1446 2028 domus
1493 1963 1632 2028 sive
1664 1961 1875 2026 mavis
1920 1969 2249 2026 nostrae
2300 1982 2417 2026 ora
2462 1960 2759 2026 domus.

1549 2195 1633 2274 V.
1696 2195 1815 2276 49.

790 2359 1044 2428 Verba:
1114 2360 1412 2427 Verum
1482 2369 1667 2426 erat
1748 2382 1788 2424 a
1863 2357 2159 2425 Domitio
2230 2360 2323 2424 sio
2404 2358 2764 2448 explicata:

614 2487 889 2550 „verum
937 2477 1100 2550 erat,
1149 2467 1325 2556 quod
1373 2466 1628 2532 scilieet
1661 2465 1979 2532 dicebatis
2020 2464 2266 2533 nullum
2300 2487 2561 2532 carmen
2606 2467 2765 2532 satis

612 2594 754 2639 esse
801 2572 887 2638 ad
931 2573 1233 2641 lacrimas
1276 2570 1775 2661 reprimendas“
1828 2571 2057 2638 maluit
2104 2570 2477 2638 Gronovius
2520 2595 2587 2661 p.
2634 2572 2763 2638 589

611 2679 682 2744 in
708 2677 878 2744 hane
901 2680 1292 2745 sententiam
1313 2679 1765 2768 interpretari:
1800 2701 2071 2762 „verum
2096 2687 2238 2744 erat
2268 2679 2338 2745 id
2362 2687 2464 2744 est
2486 2701 2764 2767 aequum

611 2794 782 2869 erat,
852 2807 1217 2852 merueram
1300 2809 1456 2852 sane
1513 2785 1715 2874 idque
1780 2784 1864 2851 ob
1934 2784 2097 2852 duas
2144 2806 2439 2870 caussas,
2510 2795 2646 2850 tum
2692 2795 2765 2850 ut

613 2913 846 2958 saevas
875 2900 1098 2979 grates
1121 2891 1562 2975 exsolverent,
1593 2901 1731 2956 tum
1755 2892 1909 2979 quia
1938 2892 2140 2980 ipsius
2165 2892 2344 2958 vires
2379 2890 2763 2980 absumptae

610 3007 678 3066 et
721 2999 913 3087 eopia
955 2999 1237 3066 canendi
1281 2997 1506 3066 nulla“
1548 2996 2056 3088 adstipulatique
2100 3007 2253 3064 sunt
2294 2996 2761 3064 Marklandus:

607 3107 891 3194 „justum
981 3113 1126 3172 erat
1237 3127 1356 3169 vos
1473 3102 1634 3170 mihi
1746 3103 2041 3170 conferre
2174 3103 2332 3172 talia
2448 3104 2761 3187 earmina,

611 3212 763 3299 quia
807 3233 931 3298 ego
981 3219 1132 3276 ante
1181 3210 1368 3277 vobis
1417 3209 1572 3276 dedi
1628 3219 1695 3274 et
1751 3211 1905 3298 quia
1956 3231 2131 3276 nune
2192 3231 2378 3276 meae
2425 3211 2601 3278 vires
2659 3210 2765 3276 ab·

613 3326 907 3406 sumptae
955 3320 1149 3386 sunt“
1206 3317 1757 3405 Duebnerusque:
1805 3338 2129 3404 „aequum
2178 3326 2320 3383 erat
2332 3366 2353 3401 ,
2398 3338 2763 3382 merueram

611 3428 815 3491 sane“
863 3434 958 3509 et,
1028 3433 1101 3490 ut
1158 3424 1450 3508 videtur,
1523 3423 1880 3507 Queckius.
1981 3424 2187 3513 Atqui
2240 3446 2361 3489 nee
2419 3423 2765 3514 cujuslibet

613 3517 753 3598 esse
812 3530 1073 3598 videtur
1116 3540 1189 3598 ut
1233 3530 1536 3597 lacrimas
1580 3530 1677 3596 ita
1720 3529 2079 3595 earmina
2134 3527 2473 3600 fundere
2522 3539 2591 3595 et
2634 3551 2765 3596 non

609 3637 807 3704 modo
841 3638 1284 3704 amicorum
1315 3637 1443 3702 ista
1473 3637 1721 3701 mentio
1757 3635 1839 3700 de
1871 3657 2068 3704 versu
2092 3635 2178 3701 43
2193 3637 2336 3724 jam
2362 3635 2621 3702 sublata
2643 3645 2761 3718 est,

611 3744 730 3811 sed
781 3745 977 3811 etiam
1025 3743 1106 3810 de
1168 3743 1492 3808 sententia
1537 3764 1844 3809 versuum
1883 3741 1969 3806 46
2016 3765 2154 3831 sqq.
2201 3741 2397 3828 longe
2446 3741 2574 3808 alio
2621 3764 2767 3832 pro-

619 3853 990 3919 nuntiatum
1026 3851 1298 3940 judicio.
1356 3848 1552 3932 Quod
1594 3850 1803 3938 ipsum
1842 3849 2162 3939 judicium
2195 3848 2389 3915 docet
2435 3847 2763 3938 aliquanto

615 3959 858 4024 rectius
905 3958 1184 4023 sensisse
1233 3966 1300 4023 et
1331 3955 1704 4022 Barthiumt
1754 3955 2169 4043 „Scripserat
2209 3976 2355 4021 meo
2388 3957 2603 4022 animo
2649 3956 2767 4022 Pa-

617 4063 866 4152 pinius:
913 4063 1204 4128 Verum
1253 4062 1405 4129 hae
1442 4065 1608 4151 jam
1642 4061 2022 4150 absumptae
2054 4061 2273 4127 vires“
2304 4071 2371 4126 et
2400 4061 2765 4146 Heinsium,

621 4169 733 4258 qui
779 4168 866 4236 ad
913 4167 1260 4236 claudian.
1307 4170 1376 4238 in
1405 4169 1683 4258 Eutrop.
1731 4168 1799 4234 ll.
1848 4167 1975 4233 155
2023 4167 2114 4256 (p.
2163 4167 2293 4234 436
2342 4165 2445 4232 ed.
2491 4166 2765 4236 Amstel.

631 4273 833 4362 1665)
882 4273 1166 4342 voluisse
1225 4277 1514 4342 Verum
1573 4284 1700 4341 eat
1759 4285 1827 4341 et
1894 4275 2191 4341 Verum
2260 4276 2593 4362 accepisse
2646 4297 2767 4364 pro

623 4381 718 4448 Se
739 4379 825 4446 d“
871 4389 1177 4448 narratur
1221 4404 1262 4448 a
1303 4381 1720 4466 MarklandO,
1768 4403 2155 4470 quamquam
2189 4382 2585 4470 poenituisse
2632 4385 2771 4470 ejus
