3234 4967
1385 368 1624 422 Aduot.
1666 368 1759 421 14.
2184 412 2190 417 .
2565 361 2653 427 27

509 566 708 647 poeta
755 582 822 623 se
871 558 1207 625 terdena
1252 566 1402 645 post
1447 556 1775 623 conditum
1824 576 2096 642 puerum.
2140 553 2310 619 luce
2356 552 2482 619 hoc
2527 551 2657 639 epi-

511 664 743 729 cedion
791 666 1120 753 pepigisse
1169 673 1466 729 testatur.
1562 661 1757 728 Unde
1806 660 2075 725 evidens
2122 668 2223 724 est
2266 657 2543 743 intelligi
2588 656 2657 721 id

505 793 842 835 munerum
889 794 1114 857 geum,
1163 771 1340 859 quod
1383 768 1697 875 sepulcris
1742 776 2000 833 veteres
2046 764 2341 831 intulisse
2387 786 2529 829 cum
2575 762 2656 827 iis

505 875 664 941 locis
709 876 1008 959 efficitur,
1057 900 1218 965 quos
1264 870 1813 965 exprompserunt
1843 871 2325 937 Kirchmannus
2372 868 2416 933 l.
2449 868 2513 933 d.
2546 867 2654 932 lV.

505 982 546 1046 2
579 1006 658 1069 Ρ.
705 982 836 1049 372
883 1006 977 1069 sq.
1025 982 1067 1046 5
1113 1006 1177 1069 Ρ.
1226 981 1378 1047 385.
1449 981 1773 1047 Goensius
1820 978 1903 1043 de
1954 977 2186 1065 Cepot.
2221 975 2304 1040 V.
2354 976 2390 1038 7
2438 998 2503 1061 p.
2546 974 2656 1037 80.

505 1089 610 1152 83.
678 1088 1091 1153 Burmannus
1139 1086 1336 1155 Anth.
1384 1088 1532 1152 Lat.
1577 1085 1687 1151 lv.
1741 1086 1844 1166 13,
1890 1082 1977 1149 45
2022 1107 2088 1170 p.
2142 1080 2225 1146 14
2278 1080 2359 1145 cf.
2409 1079 2653 1145 Goens.

501 1191 546 1258 l.
594 1192 659 1258 d.
708 1194 748 1258 6
803 1216 869 1281 p.
920 1193 1002 1259 73
1051 1217 1145 1281 sq.
1202 1194 1242 1257 9
1300 1218 1366 1281 p.
1415 1193 1520 1257 86.
1583 1188 2033 1257 Elmenhorst.
2094 1188 2337 1273 Minue.
2396 1183 2532 1251 ΧΠ.
2587 1208 2653 1272 Ρ.

509 1297 656 1381 125,
715 1306 853 1364 tum
898 1299 1091 1365 Statii
1147 1299 1256 1365 his.
1294 1298 1592 1365 versibus
1639 1294 1801 1363 Silv.
1847 1294 1937 1361 lll.
1986 1296 2047 1377 3,
2104 1293 2264 1358 211:
2326 1291 2656 1378 „Semper

507 1402 796 1469 odoratis
859 1404 1200 1491 spirabunt
1267 1402 1537 1468 floribus
1603 1423 1760 1467 arae
1817 1400 2089 1486 Semper
2154 1407 2221 1461 et
2275 1396 2655 1482 Assyrios

507 1506 668 1573 felix
695 1507 880 1573 bibet
907 1530 1107 1574 urna
1146 1507 1508 1595 liquores
1539 1506 1630 1571 Et
1659 1506 2017 1571 lacrimas“
2048 1512 2114 1567 et
2144 1502 2331 1591 hujus
2362 1501 2654 1589 Eclogac

507 1612 621 1677 46:
667 1636 989 1679 munera
1031 1615 1321 1679 mortis
1373 1652 1462 1661 --
1505 1612 1947 1677 lacrimas.“

679 1720 1020 1784 Postremo
1079 1721 1382 1807 quoniam
1438 1718 1747 1784 Barthius
1804 1716 1979 1783 Adv.
2036 1714 2081 1779 l.
2140 1715 2204 1781 d.
2264 1716 2427 1781 haec
2473 1736 2656 1801 prae-

505 1826 680 1913 cepit
726 1824 988 1912 (quibus
1034 1835 1256 1913 posset
1300 1824 1604 1913 praetexi
1650 1818 2001 1889 aucteritas
2048 1820 2359 1887 Dorvillii
2404 1819 2653 1887 charit.

501 1953 565 2018 p.
622 1928 773 1994 455.
855 1929 1177 2017 Scaligeri
1238 1929 1474 1997 catull.
1531 1928 1815 1995 LXVlll.
1878 1930 1919 1993 6
1978 1952 2042 2016 Ρ.
2107 1926 2253 1992 144.
2334 1924 2655 1991 Huschkii

503 2035 647 2101 Tib.
707 2035 748 2100 l.
811 2037 873 2119 6,
941 2038 1026 2102 39
1095 2061 1162 2125 p.
1224 2038 1350 2103 169
1409 2037 1490 2101 cf.
1559 2036 1763 2104 Wolf.
1834 2037 2025 2102 Dem.
2083 2035 2275 2121 Lept.
2332 2056 2398 2120 p.
2461 2030 2653 2118 365):

501 2141 752 2224 „Quod
815 2152 1040 2229 patres
1104 2152 1170 2206 et
1237 2151 1480 2207 matres
1541 2143 1593 2207 si
1656 2143 1767 2230 qui
1822 2164 2073 2229 quaeve
2132 2138 2370 2205 acerbo
2424 2138 2652 2202 funere

503 2246 850 2313 damnatae
917 2248 1176 2331 fuerint,
1249 2248 1620 2336 alloquitur,
1693 2271 1773 2313 ea
1828 2246 2137 2313 allocutio
2193 2242 2654 2333 suspendenda

501 2352 587 2417 ad
656 2353 931 2419 verbum
1001 2355 1217 2420 adsit
1281 2378 1483 2443 usque
1545 2364 1675 2436 est,
1734 2354 1837 2419 cui
1894 2362 1991 2419 tot
2046 2374 2275 2417 versus
2328 2348 2657 2436 interjecit

501 2457 586 2523 ad
624 2481 775 2551 'rem
819 2460 1354 2547 exaggerandum
1397 2460 1906 2525 consultissimus
1944 2458 2169 2526 talium
2212 2459 2475 2546 poeta,“
2521 2476 2651 2517 non

499 2564 930 2631 omittendum
984 2575 1088 2631 est
1139 2568 1378 2631 rectius
1433 2590 1625 2653 quam
1686 2589 1726 2632 a
1784 2565 2057 2631 Barthio
2128 2573 2195 2629 et
2249 2559 2653 2627 Veenhusio:

503 2671 836 2751 „carmina
899 2672 1137 2755 ferte,
1207 2672 1286 2739 Si
1352 2677 1551 2760 qua“
1620 2672 1917 2740 ordinem
1982 2672 2344 2737 institutum
2412 2688 2554 2731 esse
2612 2688 2652 2729 a

501 2775 992 2862 Lindenbrogio
1070 2776 1272 2843 hunc:
1364 2800 1695 2860 „munera
1782 2777 2039 2841 ferte:
2131 2776 2215 2843 Si
2292 2778 2506 2863 qua“
2584 2782 2650 2836 et

501 2880 931 2951 Marklando:
957 2904 1275 2965 „munera
1306 2885 1534 2950 ferte.
1583 2883 1662 2949 Si
1692 2887 1907 2971 qua;“
1939 2880 2111 2947 illius
2142 2870 2655 2965 ,,ἀποστροφῆς·

502 2997 720 3053 autem
783 3010 929 3053 cum
992 2990 1406 3077 conjunctivo
1468 2990 1665 3055 modo
1714 2990 2099 3077 conjunctae
2160 2986 2463 3073 exempla
2518 3009 2649 3052 non

500 3116 653 3159 rara
699 3094 874 3181 apud
907 3095 1184 3161 Statium
1234 3100 1422 3159 esse“
1467 3094 1813 3160 Imhofium
1862 3093 2138 3181 deLSilv.
2172 3092 2445 3159 Condic.
2483 3092 2643 3161 Crit.

501 3224 564 3287 p.
608 3200 697 3265 34
743 3199 1042 3265 docuisse
1089 3200 1189 3265 his
1236 3199 1448 3267 allatis
1493 3201 1654 3267 locis
1698 3199 1787 3265 lll.
1838 3203 1899 3283 3,
1962 3201 2048 3264 22
2096 3222 2271 3285 sqq.:
2334 3198 2649 3282 „Exul-

502 3315 641 3370 tent
696 3344 785 3353 -—
843 3328 1088 3387 manee,
1145 3306 1416 3393 Elysiae
1477 3306 1843 3391 gaudete
1906 3306 2157 3387 domus,
2222 3305 2409 3369 date
2472 3313 2647 3368 serta

503 3433 621 3497 per
668 3434 816 3477 aras
861 3451 950 3461 —
996 3411 1376 3477 hilarent
1421 3411 1655 3477 altaria
1698 3410 1947 3476 lucos.“
2015 3411 2072 3475 I.
2118 3411 2181 3493 4,
2234 3413 2350 3475 11:
2406 3409 2646 3491 „urbes

500 3556 588 3565 —
633 3518 986 3584 Certent
1031 3518 1302 3601 laetitia,
1337 3542 1483 3583 vos
1533 3540 1739 3606 aeque
1789 3540 1873 3582 ex
1922 3518 2150 3583 ordine
2197 3516 2393 3583 colles
2440 3515 2647 3582 Con-

501 3625 820 3689 fremite
881 3634 950 3689 et
1012 3625 1314 3691 sileant
1368 3625 1614 3712 pejoris
1674 3646 2008 3689 murmura
2065 3624 2356 3689 famae.“
2422 3620 2529 3687 lV.
2580 3624 2641 3703 3,

505 3732 666 3796 136:
737 3731 1016 3815 ‚,Jndia‚
1064 3731 1346 3796 nubibus
1403 3730 1811 3811 maderes‚
1860 3729 2226 3795 Undaret
2270 3728 2535 3815 Libye“
2582 3737 2647 3793 et

498 3837 644 3919 hoc,
695 3837 777 3902 de
825 3860 954 3925 quo
1001 3839 1296 3926 quaestio
1345 3846 1462 3920 est,
1512 3835 1679 3901 1000.
1772 3836 2183 3923 Quamquam
2229 3835 2286 3899 is
2328 3856 2646 3923 pervaga-

499 3944 820 4008 tissimum
877 3944 945 4010 id
976 3966 1229 4029 genus,
1291 3943 1371 4008 de
1420 3966 1548 4031 quo
1596 3950 1697 4008 est
1729 3941 1936 4007 Theb.
1980 3940 2095 4007 lX.
2143 3938 2645 4029 34722ffl„Hor-

497 4050 673 4114 ruit
731 4048 949 4113 unda
1006 4050 1222 4113 nefas:
1294 4047 1557 4131 „silvae
1616 4047 1989 4114 flevistis
2048 4056 2366 4133 utraeque
2420 4045 2513 4111 Et
2555 4082 2644 4092 ——

501 4164 958 4221 sonuerunt
1023 4176 1358 4219 murmura
1424 4156 1629 4241 ripae.
1650 4158 1692 4192 “
1782 4151 1935 4219 Sen.
2002 4150 2411 4240 Herc.:Oet.
2480 4150 2643 4215 458:

501 4244 778 4326 discussi
848 4260 1041 4343 soree,
1111 4259 1400 4327 Umbrae
1473 4261 1847 4326 stetistis
1905 4268 1971 4323 et
2024 4280 2173 4323 mea
2217 4258 2390 4344 jussi
2446 4276 2641 4343 prece

499 4366 730 4434 Manes
762 4364 1200 4464 loquuntur
1212 4368 1278 4457 ᾖ(
1309 4386 1455 4437 cum
1489 4364 1695 4438 altero
1743 4364 2057 4452 confudit,
2101 4361 2277 4453 quod
2305 4361 2413 4427 hic
2443 4355 2643 4423 cerni·
