3234 4967
632 328 756 391 110
1521 330 1772 385 Adnol.
1821 327 1906 383 70.

622 534 1165 624 Egregiusque
1224 536 1491 603 animi.
1556 536 1720 617 Stat.
1770 535 1978 603 Theb.
2028 536 2146 601 111.
2213 536 2326 603 99:
2398 536 2501 601 Tu
2546 544 2765 603 tamen

622 640 1006 727 egregius
1073 643 1224 708 {ati
1292 643 1775 729 mentisque.
1847 640 2189 708 Claudian.
2249 642 2330 706 Β.
2381 640 2559 709 Gild.
2609 642 2771 707 239:

624 748 1005 833 egregius
1070 769 1368 811 morum
1438 748 1517 815 cf.
1590 748 1816 813 Heins.
1889 748 2016 813 281
2089 770 2153 835 Ρ.
2218 747 2369 813 224.
2442 746 2766 814 Vechner.

620 852 943 922 Hellenol.
994 853 1037 916 1.
1090 853 1193 937 18,
1245 855 1280 919 7
1330 878 1393 942 p.
1459 854 1584 919 178
1644 877 1771 943 sq.;
1819 876 1971 921 nam
2019 853 2194 941 quod
2255 852 2464 920 Theb.
2523 853 2636 919 Vl.
2687 852 2770 919 15

621 959 895 1047 legitur:
938 960 1283 1041 eximii„
1317 982 1591 1047 regum
1661 958 1870 1027 simile
1917 960 2013 1042 ei,
2087 958 2265 1047 quod
2311 967 2412 1025 est
2458 959 2539 1024 11.
2616 958 2770 1025 152:

620 1066 833 1151 Egre
854 1066 971 1151 gii
1032 1068 1459 1153 juvenum,
1540 1088 1732 1133 secus
1814 1075 2032 1132 tamen
2121 1066 2594 1153 interpretatus
2671 1075 2772 1131 est

620 1171 932 1239 Bai-thius
976 1172 1081 1238 ΙΙΙ.
1129 1172 1262 1237 472
1322 1195 1384 1260 Ρ.
1446 1172 1595 1238 801.
1679 1172 1814 1239 Sed
1865 1170 2063 1257 longe
2124 1170 2546 1258 dignissimus
2599 1192 2770 1237 com·

618 1278 961 1371 paratione
1010 1287 1109 1343 est
1155 1277 1353 1343 Silius
1411 1278 1491 1343 V.
1554 1278 1672 1343 77:
1727 1276 1948 1365 Atque
2003 1277 2110 1343 hic
2171 1280 2563 1365 egregius
2620 1276 2771 1343 lin·

620 1406 824 1471 guae
896 1405 1263 1471 nomenque
1323 1383 1676 1471 superb-um
1737 1383 2116 1452 Corvinus“
2162 1383 2245 1449 cf.
2295 1384 2404 1449 Vl.
2457 1384 2568 1449 19:
2637 1406 2770 1478 non

618 1500 809 1579 ,patre
852 1490 1065 1562 nitens
1096 1487 1541 1577 linguaque.
1584 1490 1710 1561 ,XL
1745 1489 1859 1553 65:
1906 1487 2310 1577 praecellens
2343 1489 2600 1559 Virrius
2631 1512 2768 1555 ore.

619 1597 801 1662 le.
849 1597 931 1663 31
982 1594 1337 1685 Promptae
1408 1618 1571 1681 gens
1631 1594 1916 1682 linguae.
1988 1595 2170 1661 V111.
2239 1596 2403 1661 263:
2474 1595 2769 1682 lingua

622 1702 931 1791 sperabat
977 1700 1159 1767 adire
1206 1701 1317 1768 Ad
1365 1701 1640 1773 ‹lextra-e
1689 1701 1909 1769 decus.
1956 1702 2145 1787 Virg.
2204 1703 2373 1769 Aen.
2433 1702 2558 1770 XI.
2602 1702 2770 1769 3382

622 1808 881 1895 Largus
914 1829 1111 1897 opum
1146 1817 1211 1872 et
1239 1805 1526 1891 lingua
1551 1806 1806 1873 melior.
1840 1806 1992 1874 Sen.
2025 1804 2262 1873 Octav.
2290 1801 2447 1873 385:
2494 1806 2770 1893 lingua
2808 1812 2812 1819 '

622 1914 851 1982 elaroS.
903 1911 1142 1979 Markl.
1194 1911 1358 1978 Silv.
1396 1913 1452 1976 J.
1498 1914 1564 1997 4,
1614 1914 1696 1979 61
1749 1936 1815 2001 p.
1863 1914 2010 1978 203.

1571 2217 1650 2296 V.
1713 2216 1829 2297 71).

750 2514 755 2519 ¹
798 2433 897 2499 Ne
940 2432 1137 2521 hujus
1170 2432 1434 2524 quidem
1477 2453 1708 2498 versus
1751 2431 2139 2499 sententiam
2185 2433 2526 2525 quisquam
2558 2428 2770 2498 adhuc

625 2550 1010 2629 assequutus
1056 2547 1156 2604 est
1217 2548 1332 2613 aut
1390 2538 1741 2621 enarravit,
1799 2535 2006 2625 qualis
2052 2548 2244 2605 esset.
2338 2537 2553 2619 Quum
2602 2537 2772 2603 enim

624 2646 919 2732 singulae
965 2646 1103 2710 fere
1151 2646 1291 2733 ejus
1337 2654 1559 2737 partes
1598 2642 1979 2730 singulatim
2025 2642 2383 2736 quaerendi
2428 2641 2768 2710 materiem

628 2750 1052 2841 praeberent,
1116 2752 1311 2839 pauci
1370 2749 1591 2838 aliqua
1647 2750 1987 2835 dixerunt,
2060 2750 2370 2819 dixerunt
2425 2758 2647 2839 autem
2707 2756 2773 2816 et

624 2859 797 2930 levia
864 2867 931 2923 et
1005 2857 1087 2922 de
1147 2857 1227 2921 iis
1282 2854 1535 2941 verbis,
1606 2876 1772 2945 quae
1843 2856 1929 2926 ad
1985 2855 2485 2945 disceptandum
2553 2862 2771 2921 essent

624 2962 953 3030 facillima.
1044 2963 1403 3051 Postquam
1452 2963 1625 3027 enim
1668 2962 2100 3049 Dempsterus
2166 2961 2208 3027 l.
2273 2962 2336 3029 d.
2392 2984 2458 3050 Ρ.
2507 2960 2658 3027 394.
2705 2959 2770 3025 A

622 3070 787 3147 haec
852 3069 1328 3158 pronuntiavit:
1396 3117 1437 3153 ‚,
1456 3068 1522 3136 in
1568 3067 1695 3133 Ms.
1750 3068 2002 3135 Petavii
2058 3068 2323 3155 egregie
2369 3068 2772 3155 praefertur:

625 3176 937 3265 Aspexi
1026 3185 1261 3263 atque
1352 3183 1684 3241 unctum
1775 3172 2042 3264 genitali
2127 3174 2493 3242 carmine
2581 3172 2771 3239 fovi.

631 3282 1172 3373 castigatissime.
1286 3280 1455 3345 Nam
1522 3280 1808 3347 infantes
1864 3302 2076 3369 nuper
2131 3281 2269 3346 nati
2318 3288 2385 3345 et
2429 3278 2644 3347 adhuc
2690 3278 2772 3343 de

624 3398 831 3455 matre
878 3388 1186 3455 rubentes
1199 3435 1217 3472 ,
1274 3397 1349 3453 ut
1393 3388 1598 3479 verba
1645 3388 1914 3475 satyrici
1957 3375 2294 3481 usurpem,
2343 3408 2513 3475 aqua
2557 3384 2774 3457 ablue-

625 3496 885 3580 bantur,
931 3495 1282 3581 unguentis
1338 3494 1902 3583 perfundebantur
1911 3499 1954 3577 ,‘
1960 3498 1977 3531 ‘
2044 3490 2380 3579 vulgatam
2423 3491 2773 3561 lectionem

625 3594 987 3669 vinctum
1044 3600 1357 3666 Barthius
1414 3597 1764 3665 Animadv.
1834 3623 1900 3687 p.
1969 3598 2097 3665 507
2157 3620 2290 3665 non
2358 3600 2772 3681 deteriorem,

626 3709 948 3797 potiorem
994 3704 1421 3773 Marklandus
1479 3704 1647 3771 dixit
1693 3688 2082 3795 testimoniis
2139 3702 2354 3791 allatis
2402 3704 2627 3773 Ovidii
2672 3704 2772 3771 Ib.

628 3814 794 3880 235:
853 3810 1281 3901 Membraque
1338 3812 1782 3881 vinxerunt
1827 3810 2048 3877 tinctis
2108 3812 2440 3899 ferrugine
2495 3811 2773 3901 pannis“

628 3930 695 3986 et
737 3919 932 3986 Plinii
977 3920 1055 3985 N.
1106 3920 1192 3985 H.
1241 3920 1540 3984 Prooem.
1588 3916 1767 3985 VIL:
1815 3918 1945 4003 „ab
1991 3916 2117 3984 hoc
2159 3916 2322 3986 lucis
2378 3918 2772 4000 rudimentO,

625 4049 791 4117 quae
839 4050 921 4093 ne
970 4027 1141 4092 feras
1190 4025 1452 4114 quidem
1496 4024 1670 4089 inter
1715 4046 1834 4089 nos
1894 4024 2182 4111 genitas,
2242 4024 2542 4091 vincula
2599 4024 2770 4089 exci-

624 4134 810 4219 piunt
843 4142 909 4197 et
942 4132 1224 4197 omnium
1256 4130 1698 4197 membrorum
1727 4152 1959 4215 nexuS,
2007 4131 2231 4221 itaque
2262 4130 2540 4197 feliciter
2573 4140 2766 4197 natus

615 4242 795 4326 jacet
819 4238 1117 4305 manibus
1142 4237 1549 4327 pedibusque
1584 4238 2034 4321 devinctis,
2070 4236 2234 4305 flens
2267 4237 2506 4307 animal
2538 4239 2773 4303 ceteris

622 4346 1139 4435 imperaturum“
1190 4344 1697 4432 subscripsitque
1747 4347 1827 4427 ei,
1877 4354 1948 4409 ut
1997 4344 2190 4427 solet,
2260 4344 2652 4409 Duebnerus
2697 4365 2765 4435 p.
