<?xml version="1.0" encoding="UTF-8"?>
<!DOCTYPE html PUBLIC "-//W3C//DTD XHTML 1.0 Transitional//EN"
    "http://www.w3.org/TR/xhtml1/DTD/xhtml1-transitional.dtd">
<html xmlns="http://www.w3.org/1999/xhtml" xml:lang="en" lang="en">
 <head>
  <title>
</title>
<meta http-equiv="Content-Type" content="text/html;charset=utf-8" />
  <meta name='ocr-system' content='tesseract 3.04.00' />
  <meta name='ocr-capabilities' content='ocr_page ocr_carea ocr_par ocr_line ocrx_word'/>
</head>
<body>
  <div class='ocr_page' id='page_1' title='image "./ppapiniistatiie00ungegoog_0284.png"; bbox 0 0 3234 4967; ppageno 0'>
   <div class='ocr_carea' id='block_1_1' title="bbox 703 420 1975 487">
    <p class='ocr_par' dir='ltr' id='par_1_1' title="bbox 703 420 1975 487">
     <span class='ocr_line' id='line_1_1' title="bbox 703 420 1975 487; baseline 0.003 -15"><span class='ocrx_word' id='word_1_1' title='bbox 703 424 803 473; x_wconf 83' lang='grc'><strong>276</strong></span> <span class='ocrx_word' id='word_1_2' title='bbox 1537 420 1769 487; x_wconf 82' lang='lat' dir='ltr'><strong>Conjec</strong></span> <span class='ocrx_word' id='word_1_3' title='bbox 1784 430 1819 475; x_wconf 90' lang='lat' dir='ltr'><strong>t.</strong></span> <span class='ocrx_word' id='word_1_4' title='bbox 1854 422 1975 476; x_wconf 86' lang='lat' dir='ltr'><strong>XX.</strong></span> 
     </span>
    </p>
   </div>
   <div class='ocr_carea' id='block_1_2' title="bbox 695 593 2827 2284">
    <p class='ocr_par' dir='ltr' id='par_1_2' title="bbox 695 593 2827 2284">
     <span class='ocr_line' id='line_1_2' title="bbox 703 593 2826 663; baseline 0.001 -18"><span class='ocrx_word' id='word_1_5' title='bbox 703 594 913 646; x_wconf 77' lang='lat' dir='ltr'><strong>tollendi</strong></span> <span class='ocrx_word' id='word_1_6' title='bbox 949 598 1095 660; x_wconf 82' lang='lat' dir='ltr'><strong>copia</strong></span> <span class='ocrx_word' id='word_1_7' title='bbox 1133 596 1229 645; x_wconf 87' lang='lat' dir='ltr'><strong>erit</strong></span> <span class='ocrx_word' id='word_1_8' title='bbox 1264 593 1512 647; x_wconf 82' lang='lat' dir='ltr'><strong>Emendd.</strong></span> <span class='ocrx_word' id='word_1_9' title='bbox 1547 595 1701 661; x_wconf 85' lang='lat' dir='ltr'><strong>Prop.</strong></span> <span class='ocrx_word' id='word_1_10' title='bbox 1740 596 1834 647; x_wconf 89' lang='lat' dir='ltr'><strong>IX.</strong></span> <span class='ocrx_word' id='word_1_11' title='bbox 1873 597 1920 647; x_wconf 88' lang='lat'><strong>3.</strong></span> <span class='ocrx_word' id='word_1_12' title='bbox 1990 595 2135 647; x_wconf 87' lang='lat' dir='ltr'><strong>Nunc</strong></span> <span class='ocrx_word' id='word_1_13' title='bbox 2172 604 2371 663; x_wconf 89' lang='lat' dir='ltr'><strong>tempus</strong></span> <span class='ocrx_word' id='word_1_14' title='bbox 2423 598 2477 647; x_wconf 85' lang='lat' dir='ltr'><strong>id</strong></span> <span class='ocrx_word' id='word_1_15' title='bbox 2512 600 2826 663; x_wconf 65' lang='lat' dir='ltr'><strong>permanendi,</strong></span> 
     </span>
     <span class='ocr_line' id='line_1_3' title="bbox 702 681 2825 747; baseline 0.001 -17"><span class='ocrx_word' id='word_1_16' title='bbox 702 683 838 746; x_wconf 85' lang='lat' dir='ltr'><strong>quod</strong></span> <span class='ocrx_word' id='word_1_17' title='bbox 877 695 1033 746; x_wconf 88' lang='lat' dir='ltr'><strong>supra</strong></span> <span class='ocrx_word' id='word_1_18' title='bbox 1066 682 1360 746; x_wconf 87' lang='lat' dir='ltr'><strong>incepimus.</strong></span> <span class='ocrx_word' id='word_1_19' title='bbox 1431 681 1493 729; x_wconf 90' lang='lat' dir='ltr'><strong>Iu</strong></span> <span class='ocrx_word' id='word_1_20' title='bbox 1528 696 1630 745; x_wconf 87' lang='lat' dir='ltr'><strong>quo</strong></span> <span class='ocrx_word' id='word_1_21' title='bbox 1668 682 1796 731; x_wconf 89' lang='lat' dir='ltr'><strong>enim</strong></span> <span class='ocrx_word' id='word_1_22' title='bbox 1832 682 1948 732; x_wconf 90' lang='lat' dir='ltr'><strong>loco</strong></span> <span class='ocrx_word' id='word_1_23' title='bbox 1968 689 2229 747; x_wconf 78' lang='lat' dir='ltr'>tantopere</span> <span class='ocrx_word' id='word_1_24' title='bbox 2252 682 2448 732; x_wconf 86' lang='lat' dir='ltr'><strong>laborat</strong></span> <span class='ocrx_word' id='word_1_25' title='bbox 2470 682 2825 746; x_wconf 84' lang='lat' dir='ltr'><strong>Marklandus‚</strong></span> 
     </span>
     <span class='ocr_line' id='line_1_4' title="bbox 703 762 2825 834; baseline 0.001 -18"><span class='ocrx_word' id='word_1_26' title='bbox 703 775 760 817; x_wconf 86' lang='lat' dir='ltr'><strong>ut</strong></span> <span class='ocrx_word' id='word_1_27' title='bbox 790 762 870 816; x_wconf 89' lang='lat' dir='ltr'><strong>his</strong></span> <span class='ocrx_word' id='word_1_28' title='bbox 907 764 1109 817; x_wconf 82' lang='lat' dir='ltr'><strong>censeat</strong></span> <span class='ocrx_word' id='word_1_29' title='bbox 1143 766 1511 831; x_wconf 86' lang='lat' dir='ltr'><strong>ampliandum:</strong></span> <span class='ocrx_word' id='word_1_30' title='bbox 1549 774 1845 826; x_wconf 86' lang='lat' dir='ltr'><strong>„secreta</strong></span> <span class='ocrx_word' id='word_1_31' title='bbox 1878 766 2141 832; x_wconf 79' lang='lat' dir='ltr'><strong>Neapolis.</strong></span> <span class='ocrx_word' id='word_1_32' title='bbox 2179 767 2312 818; x_wconf 87' lang='lat' dir='ltr'><strong>Ven.</strong></span> <span class='ocrx_word' id='word_1_33' title='bbox 2349 776 2620 819; x_wconf 78' lang='lat' dir='ltr'><strong>sectata.</strong></span> <span class='ocrx_word' id='word_1_34' title='bbox 2680 770 2825 834; x_wconf 85' lang='lat' dir='ltr'><strong>quid-</strong></span> 
     </span>
     <span class='ocr_line' id='line_1_5' title="bbox 697 851 2821 915; baseline 0.002 -14"><span class='ocrx_word' id='word_1_35' title='bbox 697 868 812 901; x_wconf 88' lang='lat' dir='ltr'><strong>nam</strong></span> <span class='ocrx_word' id='word_1_36' title='bbox 848 858 923 901; x_wconf 88' lang='lat' dir='ltr'><strong>est</strong></span> <span class='ocrx_word' id='word_1_37' title='bbox 955 851 1184 911; x_wconf 80' lang='lat' dir='ltr'><strong>monstri,</strong></span> <span class='ocrx_word' id='word_1_38' title='bbox 1220 853 1356 915; x_wconf 87' lang='lat' dir='ltr'><strong>quod</strong></span> <span class='ocrx_word' id='word_1_39' title='bbox 1395 852 1487 901; x_wconf 86' lang='lat' dir='ltr'><strong>snb</strong></span> <span class='ocrx_word' id='word_1_40' title='bbox 1522 852 1621 901; x_wconf 88' lang='lat' dir='ltr'><strong>hac</strong></span> <span class='ocrx_word' id='word_1_41' title='bbox 1657 866 1783 901; x_wconf 83' lang='lat' dir='ltr'><strong>voce</strong></span> <span class='ocrx_word' id='word_1_42' title='bbox 1819 853 1944 902; x_wconf 88' lang='lat' dir='ltr'><strong>latet</strong></span> <span class='ocrx_word' id='word_1_43' title='bbox 1958 853 2030 913; x_wconf 78' lang='lat'><strong>?“,</strong></span> <span class='ocrx_word' id='word_1_44' title='bbox 2066 868 2181 903; x_wconf 86' lang='lat' dir='ltr'><strong>enm</strong></span> <span class='ocrx_word' id='word_1_45' title='bbox 2216 853 2384 904; x_wconf 87' lang='lat' dir='ltr'><strong>locum</strong></span> <span class='ocrx_word' id='word_1_46' title='bbox 2422 860 2610 903; x_wconf 84' lang='lat' dir='ltr'><strong>sartum</strong></span> <span class='ocrx_word' id='word_1_47' title='bbox 2634 861 2821 905; x_wconf 87' lang='lat' dir='ltr'><strong>tectum</strong></span> 
     </span>
     <span class='ocr_line' id='line_1_6' title="bbox 700 936 2822 1008; baseline 0.001 -22"><span class='ocrx_word' id='word_1_48' title='bbox 700 936 908 1008; x_wconf 80' lang='lat' dir='ltr'><strong>reliquit</strong></span> <span class='ocrx_word' id='word_1_49' title='bbox 929 936 1262 987; x_wconf 83' lang='lat' dir='ltr'><strong>Duebnerus:</strong></span> <span class='ocrx_word' id='word_1_50' title='bbox 1298 936 1558 997; x_wconf 83' lang='lat' dir='ltr'><strong>‚‚Secreta‚</strong></span> <span class='ocrx_word' id='word_1_51' title='bbox 1593 937 1777 1001; x_wconf 84' lang='lat' dir='ltr'><strong>inquit,</strong></span> <span class='ocrx_word' id='word_1_52' title='bbox 1813 937 1974 998; x_wconf 89' lang='lat' dir='ltr'><strong>sola,</strong></span> <span class='ocrx_word' id='word_1_53' title='bbox 2013 938 2147 987; x_wconf 87' lang='lat' dir='ltr'><strong>sine</strong></span> <span class='ocrx_word' id='word_1_54' title='bbox 2184 938 2384 989; x_wconf 87' lang='lat' dir='ltr'><strong>aliis.“</strong></span> <span class='ocrx_word' id='word_1_55' title='bbox 2428 937 2583 1003; x_wconf 84' lang='lat' dir='ltr'><strong>Ergo,</strong></span> <span class='ocrx_word' id='word_1_56' title='bbox 2610 954 2675 991; x_wconf 88' lang='lat' dir='ltr'><strong>ne</strong></span> <span class='ocrx_word' id='word_1_57' title='bbox 2702 940 2822 1005; x_wconf 83' lang='lat' dir='ltr'><strong>quid</strong></span> 
     </span>
     <span class='ocr_line' id='line_1_7' title="bbox 701 1021 2823 1088; baseline 0.002 -17"><span class='ocrx_word' id='word_1_58' title='bbox 701 1023 764 1071; x_wconf 86' lang='lat' dir='ltr'><strong>de</strong></span> <span class='ocrx_word' id='word_1_59' title='bbox 799 1021 1217 1086; x_wconf 75' lang='lat' dir='ltr'><strong>interpretatione</strong></span> <span class='ocrx_word' id='word_1_60' title='bbox 1253 1021 1394 1071; x_wconf 83' lang='lat' dir='ltr'><strong>vocis</strong></span> <span class='ocrx_word' id='word_1_61' title='bbox 1430 1028 1692 1071; x_wconf 87' lang='lat' dir='ltr'><strong>secreta</strong></span> <span class='ocrx_word' id='word_1_62' title='bbox 1726 1021 1886 1073; x_wconf 85' lang='lat' dir='ltr'><strong>dicam</strong></span> <span class='ocrx_word' id='word_1_63' title='bbox 1922 1021 2056 1072; x_wconf 86' lang='lat' dir='ltr'><strong>infra</strong></span> <span class='ocrx_word' id='word_1_64' title='bbox 2090 1024 2267 1086; x_wconf 88' lang='lat' dir='ltr'><strong>paucis</strong></span> <span class='ocrx_word' id='word_1_65' title='bbox 2302 1024 2651 1088; x_wconf 86' lang='lat' dir='ltr'><strong>definiendae,</strong></span> <span class='ocrx_word' id='word_1_66' title='bbox 2699 1026 2823 1075; x_wconf 83' lang='lat' dir='ltr'><strong>haec</strong></span> 
     </span>
     <span class='ocr_line' id='line_1_8' title="bbox 701 1103 2822 1175; baseline 0.002 -19"><span class='ocrx_word' id='word_1_67' title='bbox 701 1108 748 1157; x_wconf 88' lang='lat' dir='ltr'><strong>ei</strong></span> <span class='ocrx_word' id='word_1_68' title='bbox 785 1108 1038 1157; x_wconf 84' lang='lat' dir='ltr'><strong>sententia</strong></span> <span class='ocrx_word' id='word_1_69' title='bbox 1071 1114 1121 1157; x_wconf 88' lang='lat' dir='ltr'><strong>et</strong></span> <span class='ocrx_word' id='word_1_70' title='bbox 1156 1103 1318 1156; x_wconf 85' lang='lat' dir='ltr'><strong>oratio</strong></span> <span class='ocrx_word' id='word_1_71' title='bbox 1353 1107 1567 1171; x_wconf 81' lang='lat' dir='ltr'><strong>placuit:</strong></span> <span class='ocrx_word' id='word_1_72' title='bbox 1624 1106 1732 1157; x_wconf 89' lang='lat' dir='ltr'><strong>Nec</strong></span> <span class='ocrx_word' id='word_1_73' title='bbox 1786 1107 1980 1157; x_wconf 86' lang='lat' dir='ltr'><strong>solum</strong></span> <span class='ocrx_word' id='word_1_74' title='bbox 2033 1104 2189 1157; x_wconf 80' lang='lat' dir='ltr'><strong>festas</strong></span> <span class='ocrx_word' id='word_1_75' title='bbox 2241 1109 2379 1158; x_wconf 87' lang='lat' dir='ltr'><strong>sola</strong></span> <span class='ocrx_word' id='word_1_76' title='bbox 2415 1108 2658 1175; x_wconf 79' lang='lat' dir='ltr'><strong>Neapolis</strong></span> <span class='ocrx_word' id='word_1_77' title='bbox 2711 1124 2822 1165; x_wconf 84' lang='lat' dir='ltr'><strong>aras</strong></span> 
     </span>
     <span class='ocr_line' id='line_1_9' title="bbox 701 1175 2827 1258; baseline 0.002 -16"><span class='ocrx_word' id='word_1_78' title='bbox 701 1192 970 1255; x_wconf 87' lang='lat' dir='ltr'><strong>Ambiat“;</strong></span> <span class='ocrx_word' id='word_1_79' title='bbox 1008 1175 1388 1257; x_wconf 63' lang='lat' dir='ltr'><strong>placuit&#39;etiam</strong></span> <span class='ocrx_word' id='word_1_80' title='bbox 1425 1192 1659 1257; x_wconf 88' lang='lat' dir='ltr'><strong>Imhofio‚</strong></span> <span class='ocrx_word' id='word_1_81' title='bbox 1720 1192 1805 1256; x_wconf 89' lang='lat' dir='ltr'><strong>qui</strong></span> <span class='ocrx_word' id='word_1_82' title='bbox 1842 1192 1893 1242; x_wconf 88' lang='lat' dir='ltr'><strong>in</strong></span> <span class='ocrx_word' id='word_1_83' title='bbox 1928 1192 1989 1242; x_wconf 90' lang='lat' dir='ltr'><strong>iis</strong></span> <span class='ocrx_word' id='word_1_84' title='bbox 2026 1194 2288 1258; x_wconf 86' lang='lat' dir='ltr'><strong>exemplis,</strong></span> <span class='ocrx_word' id='word_1_85' title='bbox 2326 1195 2509 1257; x_wconf 87' lang='lat' dir='ltr'><strong>quibus</strong></span> <span class='ocrx_word' id='word_1_86' title='bbox 2572 1196 2761 1258; x_wconf 79' lang='lat' dir='ltr'><strong>¹,multa</strong></span> <span class='ocrx_word' id='word_1_87' title='bbox 2796 1212 2827 1246; x_wconf 83' lang='lat' dir='ltr'><strong>a</strong></span> 
     </span>
     <span class='ocr_line' id='line_1_10' title="bbox 699 1276 2824 1341; baseline 0.002 -14"><span class='ocrx_word' id='word_1_88' title='bbox 699 1276 869 1328; x_wconf 79' lang='lat' dir='ltr'><strong>Statio</strong></span> <span class='ocrx_word' id='word_1_89' title='bbox 905 1285 1094 1327; x_wconf 84' lang='lat' dir='ltr'><strong>novata</strong></span> <span class='ocrx_word' id='word_1_90' title='bbox 1129 1276 1266 1329; x_wconf 86' lang='lat' dir='ltr'><strong>esse“</strong></span> <span class='ocrx_word' id='word_1_91' title='bbox 1325 1279 1672 1328; x_wconf 87' lang='lat' dir='ltr'><strong>demonstrare</strong></span> <span class='ocrx_word' id='word_1_92' title='bbox 1724 1278 1981 1341; x_wconf 84' lang='lat' dir='ltr'><strong>ingressus</strong></span> <span class='ocrx_word' id='word_1_93' title='bbox 2037 1285 2113 1327; x_wconf 86' lang='lat' dir='ltr'><strong>est</strong></span> <span class='ocrx_word' id='word_1_94' title='bbox 2164 1280 2229 1327; x_wconf 83' lang='lat' dir='ltr'><strong>de</strong></span> <span class='ocrx_word' id='word_1_95' title='bbox 2284 1278 2409 1331; x_wconf 84' lang='lat' dir='ltr'><strong>Silv.</strong></span> <span class='ocrx_word' id='word_1_96' title='bbox 2449 1278 2661 1331; x_wconf 87' lang='lat' dir='ltr'><strong>Condic.</strong></span> <span class='ocrx_word' id='word_1_97' title='bbox 2700 1281 2824 1331; x_wconf 88' lang='lat' dir='ltr'><strong>Crit.</strong></span> 
     </span>
     <span class='ocr_line' id='line_1_11' title="bbox 702 1362 2825 1427; baseline 0 -15"><span class='ocrx_word' id='word_1_98' title='bbox 702 1375 749 1423; x_wconf 84' lang='lat' dir='ltr'><strong>p.</strong></span> <span class='ocrx_word' id='word_1_99' title='bbox 788 1364 877 1423; x_wconf 88' lang='grc'><strong>24,</strong></span> <span class='ocrx_word' id='word_1_100' title='bbox 931 1363 1029 1413; x_wconf 84' lang='lat' dir='ltr'><strong>hoc</strong></span> <span class='ocrx_word' id='word_1_101' title='bbox 1074 1364 1384 1415; x_wconf 77' lang='lat' dir='ltr'><strong>numeravit:</strong></span> <span class='ocrx_word' id='word_1_102' title='bbox 1459 1370 1755 1425; x_wconf 82' lang='lat' dir='ltr'><strong>„secreta</strong></span> <span class='ocrx_word' id='word_1_103' title='bbox 1812 1376 1905 1427; x_wconf 88' lang='lat' dir='ltr'><strong>pro</strong></span> <span class='ocrx_word' id='word_1_104' title='bbox 1964 1364 2101 1413; x_wconf 88' lang='lat' dir='ltr'><strong>sola</strong></span> <span class='ocrx_word' id='word_1_105' title='bbox 2157 1362 2254 1415; x_wconf 82' lang='lat' dir='ltr'><strong>lv.</strong></span> <span class='ocrx_word' id='word_1_106' title='bbox 2294 1366 2343 1425; x_wconf 90' lang='grc'><strong>8,</strong></span> <span class='ocrx_word' id='word_1_107' title='bbox 2382 1362 2461 1416; x_wconf 87' lang='lat'><strong>6.“</strong></span> <span class='ocrx_word' id='word_1_108' title='bbox 2534 1364 2684 1416; x_wconf 81' lang='lat' dir='ltr'><strong>Adeo</strong></span> <span class='ocrx_word' id='word_1_109' title='bbox 2741 1367 2825 1415; x_wconf 90' lang='lat' dir='ltr'><strong>hic</strong></span> 
     </span>
     <span class='ocr_line' id='line_1_12' title="bbox 700 1446 2823 1521; baseline 0.002 -24"><span class='ocrx_word' id='word_1_110' title='bbox 700 1450 963 1499; x_wconf 81' lang='lat' dir='ltr'><strong>doctorum</strong></span> <span class='ocrx_word' id='word_1_111' title='bbox 1001 1448 1258 1499; x_wconf 88' lang='lat' dir='ltr'><strong>hominum</strong></span> <span class='ocrx_word' id='word_1_112' title='bbox 1296 1449 1455 1499; x_wconf 85' lang='lat' dir='ltr'><strong>aciem</strong></span> <span class='ocrx_word' id='word_1_113' title='bbox 1501 1446 1684 1499; x_wconf 79' lang='lat' dir='ltr'><strong>fefellit</strong></span> <span class='ocrx_word' id='word_1_114' title='bbox 1731 1447 1856 1498; x_wconf 89' lang='lat' dir='ltr'><strong>illud</strong></span> <span class='ocrx_word' id='word_1_115' title='bbox 1892 1449 1999 1497; x_wconf 81' lang='lat' dir='ltr'><strong>vitii</strong></span> <span class='ocrx_word' id='word_1_116' title='bbox 2046 1464 2233 1512; x_wconf 86' lang='lat' dir='ltr'><strong>genus,</strong></span> <span class='ocrx_word' id='word_1_117' title='bbox 2293 1463 2397 1515; x_wconf 85' lang='lat' dir='ltr'><strong>quo</strong></span> <span class='ocrx_word' id='word_1_118' title='bbox 2455 1452 2589 1521; x_wconf 71' lang='lat' dir='ltr'><strong>apud</strong></span> <span class='ocrx_word' id='word_1_119' title='bbox 2625 1449 2823 1501; x_wconf 87' lang='lat' dir='ltr'><strong>Livium</strong></span> 
     </span>
     <span class='ocr_line' id='line_1_13' title="bbox 700 1532 2821 1600; baseline 0.001 -17"><span class='ocrx_word' id='word_1_120' title='bbox 700 1533 852 1585; x_wconf 90' lang='lat' dir='ltr'><strong>VIII.</strong></span> <span class='ocrx_word' id='word_1_121' title='bbox 889 1536 971 1595; x_wconf 88' lang='grc'><strong>22,</strong></span> <span class='ocrx_word' id='word_1_122' title='bbox 1010 1534 1068 1584; x_wconf 84' lang='lat'><strong>6:</strong></span> <span class='ocrx_word' id='word_1_123' title='bbox 1105 1534 1158 1584; x_wconf 88' lang='lat' dir='ltr'><strong>in</strong></span> <span class='ocrx_word' id='word_1_124' title='bbox 1193 1534 1387 1585; x_wconf 86' lang='lat' dir='ltr'><strong>insulas</strong></span> <span class='ocrx_word' id='word_1_125' title='bbox 1424 1532 1737 1584; x_wconf 80' lang='lat' dir='ltr'><strong>Aenariuln</strong></span> <span class='ocrx_word' id='word_1_126' title='bbox 1775 1541 1829 1583; x_wconf 87' lang='lat' dir='ltr'><strong>et</strong></span> <span class='ocrx_word' id='word_1_127' title='bbox 1863 1532 2191 1583; x_wconf 85' lang='lat' dir='ltr'><strong>Pithecusas“</strong></span> <span class='ocrx_word' id='word_1_128' title='bbox 2229 1535 2283 1584; x_wconf 89' lang='lat' dir='ltr'><strong>in</strong></span> <span class='ocrx_word' id='word_1_129' title='bbox 2307 1535 2417 1589; x_wconf 85' lang='lat' dir='ltr'><strong>cod.</strong></span> <span class='ocrx_word' id='word_1_130' title='bbox 2445 1535 2587 1589; x_wconf 86' lang='lat' dir='ltr'><strong>Leid.</strong></span> <span class='ocrx_word' id='word_1_131' title='bbox 2609 1536 2821 1600; x_wconf 83' lang='lat' dir='ltr'><strong>l’ortug.</strong></span> 
     </span>
     <span class='ocr_line' id='line_1_14' title="bbox 698 1618 2824 1686; baseline 0.001 -16"><span class='ocrx_word' id='word_1_132' title='bbox 698 1620 810 1670; x_wconf 84' lang='lat' dir='ltr'><strong>aliis</strong></span> <span class='ocrx_word' id='word_1_133' title='bbox 845 1620 1072 1670; x_wconf 89' lang='lat' dir='ltr'><strong>insulas</strong></span> <span class='ocrx_word' id='word_1_134' title='bbox 1109 1618 1432 1681; x_wconf 87' lang='lat' dir='ltr'><strong>Senariam‚</strong></span> <span class='ocrx_word' id='word_1_135' title='bbox 1469 1620 1587 1668; x_wconf 88' lang='lat' dir='ltr'><strong>inde</strong></span> <span class='ocrx_word' id='word_1_136' title='bbox 1623 1620 1758 1683; x_wconf 84' lang='lat' dir='ltr'><strong>apud</strong></span> <span class='ocrx_word' id='word_1_137' title='bbox 1792 1618 2187 1669; x_wconf 70' lang='lat' dir='ltr'><strong>Marcianum</strong></span> <span class='ocrx_word' id='word_1_138' title='bbox 2226 1618 2557 1686; x_wconf 80' lang='lat' dir='ltr'><strong>Capellam</strong></span> <span class='ocrx_word' id='word_1_139' title='bbox 2594 1620 2688 1671; x_wconf 89' lang='lat' dir='ltr'><strong>VI.</strong></span> <span class='ocrx_word' id='word_1_140' title='bbox 2726 1622 2824 1672; x_wconf 78' lang='grc'><strong>644</strong></span> 
     </span>
     <span class='ocr_line' id='line_1_15' title="bbox 698 1702 2823 1771; baseline 0 -15"><span class='ocrx_word' id='word_1_141' title='bbox 698 1718 746 1765; x_wconf 84' lang='lat' dir='ltr'><strong>p.</strong></span> <span class='ocrx_word' id='word_1_142' title='bbox 781 1706 880 1757; x_wconf 89' lang='grc'><strong>527</strong></span> <span class='ocrx_word' id='word_1_143' title='bbox 918 1704 1009 1769; x_wconf 85' lang='lat' dir='ltr'><strong>(de</strong></span> <span class='ocrx_word' id='word_1_144' title='bbox 1045 1721 1146 1771; x_wconf 86' lang='lat' dir='ltr'><strong>quo</strong></span> <span class='ocrx_word' id='word_1_145' title='bbox 1181 1705 1409 1771; x_wconf 88' lang='lat' dir='ltr'><strong>pluribus</strong></span> <span class='ocrx_word' id='word_1_146' title='bbox 1445 1704 1771 1755; x_wconf 80' lang='lat' dir='ltr'><strong>disseruimus</strong></span> <span class='ocrx_word' id='word_1_147' title='bbox 1807 1702 2051 1755; x_wconf 80' lang='lat' dir='ltr'><strong>Subsiciv.</strong></span> <span class='ocrx_word' id='word_1_148' title='bbox 2086 1704 2182 1755; x_wconf 80' lang='lat' dir='ltr'><strong>IV.</strong></span> <span class='ocrx_word' id='word_1_149' title='bbox 2210 1705 2395 1757; x_wconf 85' lang='lat' dir='ltr'><strong>Philol.</strong></span> <span class='ocrx_word' id='word_1_150' title='bbox 2426 1707 2557 1758; x_wconf 88' lang='grc'><strong>1850</strong></span> <span class='ocrx_word' id='word_1_151' title='bbox 2590 1722 2637 1771; x_wconf 89' lang='lat' dir='ltr'><strong>p.</strong></span> <span class='ocrx_word' id='word_1_152' title='bbox 2675 1705 2823 1769; x_wconf 79' lang='lat'>732):</span> 
     </span>
     <span class='ocr_line' id='line_1_16' title="bbox 699 1786 2818 1854; baseline -0 -13"><span class='ocrx_word' id='word_1_153' title='bbox 699 1806 730 1841; x_wconf 88' lang='lat' dir='ltr'><strong>a</strong></span> <span class='ocrx_word' id='word_1_154' title='bbox 765 1790 1010 1841; x_wconf 85' lang='lat' dir='ltr'><strong>Surrento</strong></span> <span class='ocrx_word' id='word_1_155' title='bbox 1045 1790 1099 1839; x_wconf 90' lang='lat' dir='ltr'><strong>in</strong></span> <span class='ocrx_word' id='word_1_156' title='bbox 1135 1797 1312 1841; x_wconf 83' lang='lat' dir='ltr'><strong>octavo</strong></span> <span class='ocrx_word' id='word_1_157' title='bbox 1358 1788 1597 1839; x_wconf 87' lang='lat' dir='ltr'><strong>milliario</strong></span> <span class='ocrx_word' id='word_1_158' title='bbox 1636 1786 1867 1854; x_wconf 76' lang='lat' dir='ltr'><strong>Capreae</strong></span> <span class='ocrx_word' id='word_1_159' title='bbox 1918 1789 2157 1841; x_wconf 87' lang='lat' dir='ltr'><strong>Senaria</strong></span> <span class='ocrx_word' id='word_1_160' title='bbox 2200 1791 2335 1841; x_wconf 87' lang='lat' dir='ltr'><strong>dicta</strong></span> <span class='ocrx_word' id='word_1_161' title='bbox 2371 1798 2424 1841; x_wconf 89' lang='lat' dir='ltr'><strong>et</strong></span> <span class='ocrx_word' id='word_1_162' title='bbox 2460 1790 2818 1842; x_wconf 84' lang='lat' dir='ltr'><strong>Telentea“</strong></span> 
     </span>
     <span class='ocr_line' id='line_1_17' title="bbox 699 1872 2821 1942; baseline 0 -17"><span class='ocrx_word' id='word_1_163' title='bbox 699 1874 874 1939; x_wconf 90' lang='lat' dir='ltr'><strong>(scrib.</strong></span> <span class='ocrx_word' id='word_1_164' title='bbox 911 1872 1255 1937; x_wconf 82' lang='lat' dir='ltr'><strong>Telonea),</strong></span> <span class='ocrx_word' id='word_1_165' title='bbox 1311 1875 1446 1939; x_wconf 85' lang='lat' dir='ltr'><strong>apud</strong></span> <span class='ocrx_word' id='word_1_166' title='bbox 1499 1874 1624 1923; x_wconf 88' lang='lat' dir='ltr'><strong>alios</strong></span> <span class='ocrx_word' id='word_1_167' title='bbox 1678 1872 1779 1923; x_wconf 88' lang='lat' dir='ltr'><strong>alia</strong></span> <span class='ocrx_word' id='word_1_168' title='bbox 1832 1873 2192 1937; x_wconf 78' lang='lat' dir='ltr'><strong>ejusdemmodi</strong></span> <span class='ocrx_word' id='word_1_169' title='bbox 2246 1876 2403 1925; x_wconf 89' lang='lat' dir='ltr'><strong>multa</strong></span> <span class='ocrx_word' id='word_1_170' title='bbox 2436 1875 2661 1942; x_wconf 86' lang='lat' dir='ltr'><strong>(Subsic.</strong></span> <span class='ocrx_word' id='word_1_171' title='bbox 2700 1876 2733 1926; x_wconf 91' lang='lat' dir='ltr'><strong>l.</strong></span> <span class='ocrx_word' id='word_1_172' title='bbox 2772 1878 2821 1926; x_wconf 86' lang='lat' dir='ltr'><strong>d.</strong></span> 
     </span>
     <span class='ocr_line' id='line_1_18' title="bbox 695 1958 2822 2026; baseline 0 -15"><span class='ocrx_word' id='word_1_173' title='bbox 695 1978 745 2026; x_wconf 91' lang='lat' dir='ltr'><strong>p.</strong></span> <span class='ocrx_word' id='word_1_174' title='bbox 786 1960 885 2011; x_wconf 88' lang='grc'><strong>730</strong></span> <span class='ocrx_word' id='word_1_175' title='bbox 919 1958 983 2012; x_wconf 79' lang='lat' dir='ltr'><strong>cf.</strong></span> <span class='ocrx_word' id='word_1_176' title='bbox 1021 1959 1148 2011; x_wconf 87' lang='lat' dir='ltr'><strong>Stat.</strong></span> <span class='ocrx_word' id='word_1_177' title='bbox 1174 1958 1299 2011; x_wconf 84' lang='lat' dir='ltr'><strong>Silv.</strong></span> <span class='ocrx_word' id='word_1_178' title='bbox 1330 1958 1394 2010; x_wconf 84' lang='lat' dir='ltr'><strong>V.</strong></span> <span class='ocrx_word' id='word_1_179' title='bbox 1433 1959 1480 2021; x_wconf 87' lang='lat'><strong>3,</strong></span> <span class='ocrx_word' id='word_1_180' title='bbox 1517 1961 1616 2010; x_wconf 87' lang='grc'><strong>209</strong></span> <span class='ocrx_word' id='word_1_181' title='bbox 1653 1959 1829 2009; x_wconf 86' lang='lat' dir='ltr'><strong>lucos</strong></span> <span class='ocrx_word' id='word_1_182' title='bbox 1862 1960 2160 2025; x_wconf 88' lang='lat' dir='ltr'><strong>inotaquc</strong></span> <span class='ocrx_word' id='word_1_183' title='bbox 2193 1961 2247 2009; x_wconf 86' lang='lat' dir='ltr'><strong>id</strong></span> <span class='ocrx_word' id='word_1_184' title='bbox 2282 1969 2360 2011; x_wconf 88' lang='lat' dir='ltr'><strong>est</strong></span> <span class='ocrx_word' id='word_1_185' title='bbox 2393 1961 2557 2012; x_wconf 89' lang='lat' dir='ltr'><strong>lucos</strong></span> <span class='ocrx_word' id='word_1_186' title='bbox 2596 1967 2822 2013; x_wconf 87' lang='lat' dir='ltr'><strong>semota-</strong></span> 
     </span>
     <span class='ocr_line' id='line_1_19' title="bbox 697 2042 2824 2110; baseline 0.001 -15"><span class='ocrx_word' id='word_1_187' title='bbox 697 2060 812 2110; x_wconf 85' lang='lat' dir='ltr'><strong>que.</strong></span> <span class='ocrx_word' id='word_1_188' title='bbox 884 2043 1114 2109; x_wconf 88' lang='lat' dir='ltr'><strong>Conject.</strong></span> <span class='ocrx_word' id='word_1_189' title='bbox 1164 2042 1228 2098; x_wconf 90' lang='lat' dir='ltr'><strong>V.</strong></span> <span class='ocrx_word' id='word_1_190' title='bbox 1289 2042 1451 2098; x_wconf 86' lang='lat' dir='ltr'><strong>Theb.</strong></span> <span class='ocrx_word' id='word_1_191' title='bbox 1504 2043 1655 2097; x_wconf 87' lang='lat' dir='ltr'><strong>VIII.</strong></span> <span class='ocrx_word' id='word_1_192' title='bbox 1718 2048 1815 2096; x_wconf 82' lang='grc'><strong>878</strong></span> <span class='ocrx_word' id='word_1_193' title='bbox 1874 2046 2039 2096; x_wconf 81' lang='lat' dir='ltr'><strong>viros</strong></span> <span class='ocrx_word' id='word_1_194' title='bbox 2096 2046 2321 2096; x_wconf 83' lang='lat' dir='ltr'><strong>invitat:</strong></span> <span class='ocrx_word' id='word_1_195' title='bbox 2391 2047 2530 2097; x_wconf 85' lang='lat' dir='ltr'><strong>viris</strong></span> <span class='ocrx_word' id='word_1_196' title='bbox 2588 2062 2654 2098; x_wconf 89' lang='lat' dir='ltr'><strong>se</strong></span> <span class='ocrx_word' id='word_1_197' title='bbox 2712 2048 2824 2105; x_wconf 46' lang='lat' dir='ltr'><strong>im&lt;</strong></span> 
     </span>
     <span class='ocr_line' id='line_1_20' title="bbox 696 2129 2824 2199; baseline 0.001 -18"><span class='ocrx_word' id='word_1_198' title='bbox 696 2132 868 2192; x_wconf 87' lang='lat' dir='ltr'><strong>mittit,</strong></span> <span class='ocrx_word' id='word_1_199' title='bbox 927 2141 984 2182; x_wconf 90' lang='lat' dir='ltr'><strong>ut</strong></span> <span class='ocrx_word' id='word_1_200' title='bbox 1041 2147 1194 2198; x_wconf 87' lang='lat' dir='ltr'><strong>supra</strong></span> <span class='ocrx_word' id='word_1_201' title='bbox 1251 2130 1404 2181; x_wconf 87' lang='lat' dir='ltr'><strong>XIX.</strong></span> <span class='ocrx_word' id='word_1_202' title='bbox 1462 2129 1725 2195; x_wconf 74' lang='lat' dir='ltr'><strong>evicimus)</strong></span> <span class='ocrx_word' id='word_1_203' title='bbox 1783 2141 2143 2197; x_wconf 82' lang='lat' dir='ltr'><strong>provenerunt.</strong></span> <span class='ocrx_word' id='word_1_204' title='bbox 2216 2131 2349 2192; x_wconf 85' lang='lat' dir='ltr'><strong>Quid</strong></span> <span class='ocrx_word' id='word_1_205' title='bbox 2410 2133 2541 2183; x_wconf 86' lang='lat' dir='ltr'><strong>enim</strong></span> <span class='ocrx_word' id='word_1_206' title='bbox 2578 2134 2738 2199; x_wconf 85' lang='lat' dir='ltr'><strong>magis</strong></span> <span class='ocrx_word' id='word_1_207' title='bbox 2774 2139 2824 2183; x_wconf 87' lang='lat' dir='ltr'><strong>et</strong></span> 
     </span>
     <span class='ocr_line' id='line_1_21' title="bbox 695 2218 2612 2284; baseline 0.004 -18"><span class='ocrx_word' id='word_1_208' title='bbox 695 2228 979 2283; x_wconf 88' lang='lat' dir='ltr'><strong>promptum</strong></span> <span class='ocrx_word' id='word_1_209' title='bbox 1016 2218 1428 2283; x_wconf 86' lang='lat' dir='ltr'><strong>propositumque</strong></span> <span class='ocrx_word' id='word_1_210' title='bbox 1467 2224 1519 2267; x_wconf 87' lang='lat' dir='ltr'><strong>et</strong></span> <span class='ocrx_word' id='word_1_211' title='bbox 1551 2218 1800 2282; x_wconf 83' lang='lat' dir='ltr'><strong>integrum</strong></span> <span class='ocrx_word' id='word_1_212' title='bbox 1838 2226 1888 2267; x_wconf 89' lang='lat' dir='ltr'><strong>et</strong></span> <span class='ocrx_word' id='word_1_213' title='bbox 1922 2218 2265 2284; x_wconf 89' lang='lat' dir='ltr'><strong>perspicuum,</strong></span> <span class='ocrx_word' id='word_1_214' title='bbox 2301 2233 2451 2282; x_wconf 88' lang='lat' dir='ltr'><strong>quam</strong></span> <span class='ocrx_word' id='word_1_215' title='bbox 2486 2219 2612 2274; x_wconf 85' lang='lat' dir='ltr'><strong>hoc:</strong></span> 
     </span>
    </p>
   </div>
   <div class='ocr_carea' id='block_1_3' title="bbox 1135 2344 2357 2483">
    <p class='ocr_par' dir='ltr' id='par_1_3' title="bbox 1135 2344 2357 2483">
     <span class='ocr_line' id='line_1_22' title="bbox 1135 2344 2357 2413; baseline 0.001 -16"><span class='ocrx_word' id='word_1_216' title='bbox 1135 2346 1241 2397; x_wconf 90' lang='lat' dir='ltr'><strong>Nec</strong></span> <span class='ocrx_word' id='word_1_217' title='bbox 1277 2346 1439 2397; x_wconf 90' lang='lat' dir='ltr'><strong>solum</strong></span> <span class='ocrx_word' id='word_1_218' title='bbox 1475 2344 1630 2395; x_wconf 78' lang='lat' dir='ltr'><strong>festas</strong></span> <span class='ocrx_word' id='word_1_219' title='bbox 1666 2360 1775 2395; x_wconf 85' lang='lat' dir='ltr'><strong>exs</strong></span> <span class='ocrx_word' id='word_1_220' title='bbox 1790 2360 1816 2395; x_wconf 89' lang='lat' dir='ltr'><strong>e</strong></span> <span class='ocrx_word' id='word_1_221' title='bbox 1833 2357 1927 2396; x_wconf 90' lang='lat' dir='ltr'><strong>rta</strong></span> <span class='ocrx_word' id='word_1_222' title='bbox 1960 2344 2207 2413; x_wconf 78' lang='lat' dir='ltr'><strong>Neapolis</strong></span> <span class='ocrx_word' id='word_1_223' title='bbox 2242 2362 2357 2399; x_wconf 86' lang='lat' dir='ltr'><strong>aras</strong></span> 
     </span>
     <span class='ocr_line' id='line_1_23' title="bbox 1135 2431 1864 2483; baseline -0.012 0"><span class='ocrx_word' id='word_1_224' title='bbox 1135 2432 1344 2483; x_wconf 81' lang='lat' dir='ltr'><strong>Ambiat</strong></span> <span class='ocrx_word' id='word_1_225' title='bbox 1357 2431 1382 2480; x_wconf 70' lang='grc' dir='ltr'><em>ἲ</em></span> <span class='ocrx_word' id='word_1_226' title='bbox 1736 2431 1864 2441; x_wconf 70' lang='grc'><em>···““</em></span> 
     </span>
    </p>
   </div>
   <div class='ocr_carea' id='block_1_4' title="bbox 678 2558 2827 4515">
    <p class='ocr_par' dir='ltr' id='par_1_4' title="bbox 678 2558 2827 4515">
     <span class='ocr_line' id='line_1_24' title="bbox 678 2558 2823 2626; baseline -0.002 -11"><span class='ocrx_word' id='word_1_227' title='bbox 678 2562 747 2615; x_wconf 80' lang='lat' dir='ltr'><strong>&#39;Si</strong></span> <span class='ocrx_word' id='word_1_228' title='bbox 783 2561 915 2613; x_wconf 89' lang='lat' dir='ltr'><strong>enim</strong></span> <span class='ocrx_word' id='word_1_229' title='bbox 951 2561 1234 2611; x_wconf 88' lang='lat' dir='ltr'><strong>litterarum</strong></span> <span class='ocrx_word' id='word_1_230' title='bbox 1270 2560 1393 2611; x_wconf 86' lang='lat' dir='ltr'><strong>fides</strong></span> <span class='ocrx_word' id='word_1_231' title='bbox 1430 2560 1677 2625; x_wconf 84' lang='lat' dir='ltr'><strong>exigitur,</strong></span> <span class='ocrx_word' id='word_1_232' title='bbox 1716 2560 1872 2610; x_wconf 77' lang='lat' dir='ltr'><strong>haec:</strong></span> <span class='ocrx_word' id='word_1_233' title='bbox 1918 2566 2131 2610; x_wconf 86' lang='lat' dir='ltr'><strong>ecreta</strong></span> <span class='ocrx_word' id='word_1_234' title='bbox 2166 2570 2219 2611; x_wconf 89' lang='lat' dir='ltr'><strong>et</strong></span> <span class='ocrx_word' id='word_1_235' title='bbox 2257 2558 2475 2611; x_wconf 76' lang='lat' dir='ltr'><strong>exerta</strong></span> <span class='ocrx_word' id='word_1_236' title='bbox 2508 2563 2823 2626; x_wconf 84' lang='lat' dir='ltr'><strong>permutanti</strong></span> 
     </span>
     <span class='ocr_line' id='line_1_25' title="bbox 695 2643 2823 2711; baseline 0.001 -14"><span class='ocrx_word' id='word_1_237' title='bbox 695 2663 795 2697; x_wconf 90' lang='lat' dir='ltr'><strong>non</strong></span> <span class='ocrx_word' id='word_1_238' title='bbox 832 2646 990 2697; x_wconf 87' lang='lat' dir='ltr'><strong>dubie</strong></span> <span class='ocrx_word' id='word_1_239' title='bbox 1025 2646 1364 2711; x_wconf 84' lang='lat' dir='ltr'><strong>suffragantur</strong></span> <span class='ocrx_word' id='word_1_240' title='bbox 1399 2645 1638 2710; x_wconf 87' lang='lat' dir='ltr'><strong>exempla</strong></span> <span class='ocrx_word' id='word_1_241' title='bbox 1674 2653 1727 2695; x_wconf 88' lang='lat' dir='ltr'><strong>et</strong></span> <span class='ocrx_word' id='word_1_242' title='bbox 1762 2643 1957 2695; x_wconf 84' lang='lat' dir='ltr'><strong>Lucani</strong></span> <span class='ocrx_word' id='word_1_243' title='bbox 1993 2645 2062 2698; x_wconf 90' lang='lat'><strong>11.</strong></span> <span class='ocrx_word' id='word_1_244' title='bbox 2103 2647 2201 2697; x_wconf 80' lang='lat'><strong>543</strong></span> <span class='ocrx_word' id='word_1_245' title='bbox 2238 2648 2504 2697; x_wconf 84' lang='lat' dir='ltr'><strong>exserti.</strong></span> <span class='ocrx_word' id='word_1_246' title='bbox 2558 2648 2823 2701; x_wconf 86' lang='lat' dir='ltr'><strong>Barberin.</strong></span> 
     </span>
     <span class='ocr_line' id='line_1_26' title="bbox 695 2730 2821 2791; baseline 0 -7"><span class='ocrx_word' id='word_1_247' title='bbox 695 2737 724 2785; x_wconf 84' lang='lat'>2</span> <span class='ocrx_word' id='word_1_248' title='bbox 761 2731 1005 2783; x_wconf 85' lang='lat' dir='ltr'><strong>excerti.</strong></span> <span class='ocrx_word' id='word_1_249' title='bbox 1076 2731 1327 2783; x_wconf 83' lang='lat' dir='ltr'><strong>Martialis</strong></span> <span class='ocrx_word' id='word_1_250' title='bbox 1352 2730 1475 2782; x_wconf 90' lang='lat' dir='ltr'><strong>VII.</strong></span> <span class='ocrx_word' id='word_1_251' title='bbox 1512 2732 1593 2791; x_wconf 87' lang='grc'><strong>63,</strong></span> <span class='ocrx_word' id='word_1_252' title='bbox 1634 2734 1697 2781; x_wconf 88' lang='grc'><strong>10</strong></span> <span class='ocrx_word' id='word_1_253' title='bbox 1732 2739 1983 2781; x_wconf 86' lang='lat' dir='ltr'><strong>asserto</strong></span> <span class='ocrx_word' id='word_1_254' title='bbox 2018 2758 2083 2766; x_wconf 90' lang='lat'>—</span> <span class='ocrx_word' id='word_1_255' title='bbox 2119 2733 2254 2782; x_wconf 88' lang='lat' dir='ltr'><strong>orbe.</strong></span> <span class='ocrx_word' id='word_1_256' title='bbox 2324 2731 2535 2785; x_wconf 89' lang='lat' dir='ltr'><strong>Helmst.</strong></span> <span class='ocrx_word' id='word_1_257' title='bbox 2572 2751 2603 2784; x_wconf 90' lang='lat' dir='ltr'><strong>a</strong></span> <span class='ocrx_word' id='word_1_258' title='bbox 2640 2742 2821 2785; x_wconf 85' lang='lat' dir='ltr'><strong>certo</strong></span> 
     </span>
     <span class='ocr_line' id='line_1_27' title="bbox 697 2817 2823 2884; baseline 0 -15"><span class='ocrx_word' id='word_1_259' title='bbox 697 2827 747 2869; x_wconf 88' lang='lat' dir='ltr'><strong>et</strong></span> <span class='ocrx_word' id='word_1_260' title='bbox 781 2819 916 2884; x_wconf 84' lang='lat' dir='ltr'><strong>apud</strong></span> <span class='ocrx_word' id='word_1_261' title='bbox 954 2832 1084 2881; x_wconf 88' lang='lat' dir='ltr'><strong>quos</strong></span> <span class='ocrx_word' id='word_1_262' title='bbox 1138 2823 1378 2880; x_wconf 86' lang='lat' dir='ltr'><strong>erecta,</strong></span> <span class='ocrx_word' id='word_1_263' title='bbox 1418 2824 1673 2879; x_wconf 87' lang='lat' dir='ltr'><strong>execta,</strong></span> <span class='ocrx_word' id='word_1_264' title='bbox 1712 2824 1941 2867; x_wconf 85' lang='lat' dir='ltr'><strong>extera</strong></span> <span class='ocrx_word' id='word_1_265' title='bbox 1975 2817 2258 2882; x_wconf 84' lang='lat' dir='ltr'><strong>similiaque</strong></span> <span class='ocrx_word' id='word_1_266' title='bbox 2294 2817 2509 2869; x_wconf 87' lang='lat' dir='ltr'><strong>suffecta</strong></span> <span class='ocrx_word' id='word_1_267' title='bbox 2544 2834 2654 2869; x_wconf 86' lang='lat' dir='ltr'><strong>esse</strong></span> <span class='ocrx_word' id='word_1_268' title='bbox 2690 2820 2823 2871; x_wconf 85' lang='lat' dir='ltr'><strong>infra</strong></span> 
     </span>
     <span class='ocr_line' id='line_1_28' title="bbox 697 2902 2821 2970; baseline 0 -15"><span class='ocrx_word' id='word_1_269' title='bbox 697 2904 1202 2955; x_wconf 83' lang='lat' dir='ltr'><strong>commemorabimus</strong></span> <span class='ocrx_word' id='word_1_270' title='bbox 1259 2912 1311 2954; x_wconf 87' lang='lat' dir='ltr'><strong>et</strong></span> <span class='ocrx_word' id='word_1_271' title='bbox 1347 2902 1524 2953; x_wconf 86' lang='lat' dir='ltr'><strong>Pacati</strong></span> <span class='ocrx_word' id='word_1_272' title='bbox 1558 2902 1688 2957; x_wconf 87' lang='lat' dir='ltr'><strong>Pan.</strong></span> <span class='ocrx_word' id='word_1_273' title='bbox 1729 2905 1809 2968; x_wconf 89' lang='lat'><strong>35,</strong></span> <span class='ocrx_word' id='word_1_274' title='bbox 1867 2907 1920 2954; x_wconf 75' lang='lat'><strong>12</strong></span> <span class='ocrx_word' id='word_1_275' title='bbox 1976 2904 2397 2954; x_wconf 84' lang='lat' dir='ltr'><strong>exsertiorem</strong></span> <span class='ocrx_word' id='word_1_276' title='bbox 2432 2905 2691 2970; x_wconf 87' lang='lat' dir='ltr'><strong>operam“,</strong></span> <span class='ocrx_word' id='word_1_277' title='bbox 2737 2905 2821 2956; x_wconf 88' lang='lat' dir='ltr'><strong>ubi</strong></span> 
     </span>
     <span class='ocr_line' id='line_1_29' title="bbox 699 2988 2825 3057; baseline -0.001 -15"><span class='ocrx_word' id='word_1_278' title='bbox 699 2992 835 3057; x_wconf 86' lang='lat' dir='ltr'><strong>quod</strong></span> <span class='ocrx_word' id='word_1_279' title='bbox 871 2990 922 3040; x_wconf 90' lang='lat' dir='ltr'><strong>iu</strong></span> <span class='ocrx_word' id='word_1_280' title='bbox 959 2988 1132 3040; x_wconf 78' lang='lat' dir='ltr'><strong>Guelf.</strong></span> <span class='ocrx_word' id='word_1_281' title='bbox 1170 2995 1245 3039; x_wconf 87' lang='lat' dir='ltr'><strong>est</strong></span> <span class='ocrx_word' id='word_1_282' title='bbox 1281 2989 1771 3051; x_wconf 87' lang='lat' dir='ltr'><strong>execratiorem,</strong></span> <span class='ocrx_word' id='word_1_283' title='bbox 1809 2996 1927 3054; x_wconf 82' lang='lat' dir='ltr'><strong>apte</strong></span> <span class='ocrx_word' id='word_1_284' title='bbox 1951 2989 2184 3038; x_wconf 84' lang='lat' dir='ltr'><strong>convenit</strong></span> <span class='ocrx_word' id='word_1_285' title='bbox 2216 2989 2293 3039; x_wconf 89' lang='lat' dir='ltr'><strong>illi</strong></span> <span class='ocrx_word' id='word_1_286' title='bbox 2320 2990 2552 3041; x_wconf 84' lang='lat' dir='ltr'><strong>Venetae</strong></span> <span class='ocrx_word' id='word_1_287' title='bbox 2588 2991 2825 3041; x_wconf 85' lang='lat' dir='ltr'><strong>editionis</strong></span> 
     </span>
     <span class='ocr_line' id='line_1_30' title="bbox 695 3072 2823 3142; baseline -0 -15"><span class='ocrx_word' id='word_1_288' title='bbox 695 3076 991 3127; x_wconf 85' lang='lat' dir='ltr'><strong>memoriae:</strong></span> <span class='ocrx_word' id='word_1_289' title='bbox 1028 3081 1286 3125; x_wconf 74' lang='lat' dir='ltr'><strong>sectata</strong></span> <span class='ocrx_word' id='word_1_290' title='bbox 1322 3072 1405 3138; x_wconf 84' lang='lat' dir='ltr'><strong>(ef.</strong></span> <span class='ocrx_word' id='word_1_291' title='bbox 1443 3074 1600 3139; x_wconf 84' lang='lat' dir='ltr'><strong>Apul.</strong></span> <span class='ocrx_word' id='word_1_292' title='bbox 1640 3073 1765 3124; x_wconf 87' lang='lat' dir='ltr'><strong>Met.</strong></span> <span class='ocrx_word' id='word_1_293' title='bbox 1804 3074 1901 3124; x_wconf 92' lang='lat'><strong>111.</strong></span> <span class='ocrx_word' id='word_1_294' title='bbox 1944 3090 1992 3139; x_wconf 88' lang='lat' dir='ltr'><strong>p.</strong></span> <span class='ocrx_word' id='word_1_295' title='bbox 2040 3074 2163 3124; x_wconf 71' lang='lat'>2242</span> <span class='ocrx_word' id='word_1_296' title='bbox 2218 3075 2361 3139; x_wconf 89' lang='lat' dir='ltr'><strong>proh.</strong></span> <span class='ocrx_word' id='word_1_297' title='bbox 2399 3076 2603 3141; x_wconf 83' lang='lat' dir='ltr'><strong>Jupiter</strong></span> <span class='ocrx_word' id='word_1_298' title='bbox 2636 3076 2823 3142; x_wconf 88' lang='lat' dir='ltr'><strong>Hospi-</strong></span> 
     </span>
     <span class='ocr_line' id='line_1_31' title="bbox 699 3157 2823 3227; baseline -0.001 -14"><span class='ocrx_word' id='word_1_299' title='bbox 699 3164 812 3213; x_wconf 84' lang='lat' dir='ltr'><strong>talis</strong></span> <span class='ocrx_word' id='word_1_300' title='bbox 869 3170 920 3213; x_wconf 87' lang='lat' dir='ltr'><strong>et</strong></span> <span class='ocrx_word' id='word_1_301' title='bbox 970 3161 1116 3211; x_wconf 85' lang='lat' dir='ltr'><strong>Fidei</strong></span> <span class='ocrx_word' id='word_1_302' title='bbox 1171 3170 1421 3211; x_wconf 77' lang='lat' dir='ltr'><strong>sacrata</strong></span> <span class='ocrx_word' id='word_1_303' title='bbox 1478 3160 1702 3210; x_wconf 85' lang='lat' dir='ltr'><strong>numina.</strong></span> <span class='ocrx_word' id='word_1_304' title='bbox 1792 3159 1905 3209; x_wconf 87' lang='lat' dir='ltr'><strong>Pal.</strong></span> <span class='ocrx_word' id='word_1_305' title='bbox 1960 3166 2231 3212; x_wconf 89' lang='lat' dir='ltr'><strong>sacrata.</strong></span> <span class='ocrx_word' id='word_1_306' title='bbox 2320 3159 2461 3213; x_wconf 82' lang='lat' dir='ltr'><strong>Fort.</strong></span> <span class='ocrx_word' id='word_1_307' title='bbox 2516 3157 2823 3227; x_wconf 86' lang='lat' dir='ltr'><strong>exserta).</strong></span> 
     </span>
     <span class='ocr_line' id='line_1_32' title="bbox 695 3245 2825 3310; baseline -0.001 -11"><span class='ocrx_word' id='word_1_308' title='bbox 695 3248 958 3299; x_wconf 83' lang='lat' dir='ltr'><strong>Sententia</strong></span> <span class='ocrx_word' id='word_1_309' title='bbox 1019 3256 1186 3297; x_wconf 87' lang='lat' dir='ltr'><strong>autem</strong></span> <span class='ocrx_word' id='word_1_310' title='bbox 1247 3247 1366 3310; x_wconf 89' lang='lat' dir='ltr'><strong>quid</strong></span> <span class='ocrx_word' id='word_1_311' title='bbox 1427 3246 1678 3310; x_wconf 82' lang='lat' dir='ltr'><strong>requirat,</strong></span> <span class='ocrx_word' id='word_1_312' title='bbox 1732 3259 1833 3294; x_wconf 91' lang='lat' dir='ltr'><strong>non</strong></span> <span class='ocrx_word' id='word_1_313' title='bbox 1888 3245 2045 3296; x_wconf 82' lang='lat' dir='ltr'><strong>latet:</strong></span> <span class='ocrx_word' id='word_1_314' title='bbox 2104 3252 2297 3295; x_wconf 88' lang='lat' dir='ltr'><strong>tantum</strong></span> <span class='ocrx_word' id='word_1_315' title='bbox 2344 3245 2476 3295; x_wconf 89' lang='lat' dir='ltr'><strong>enim</strong></span> <span class='ocrx_word' id='word_1_316' title='bbox 2522 3246 2709 3308; x_wconf 82' lang='lat' dir='ltr'><strong>abfuit,</strong></span> <span class='ocrx_word' id='word_1_317' title='bbox 2769 3254 2825 3297; x_wconf 89' lang='lat' dir='ltr'><strong>ut</strong></span> 
     </span>
     <span class='ocr_line' id='line_1_33' title="bbox 693 3330 2824 3397; baseline -0.001 -11"><span class='ocrx_word' id='word_1_318' title='bbox 693 3343 943 3386; x_wconf 84' lang='lat' dir='ltr'><strong>secreta</strong></span> <span class='ocrx_word' id='word_1_319' title='bbox 1010 3332 1204 3397; x_wconf 83' lang='lat' dir='ltr'><strong>(Heius.</strong></span> <span class='ocrx_word' id='word_1_320' title='bbox 1276 3332 1538 3383; x_wconf 76' lang='lat' dir='ltr'><strong>claudian.</strong></span> <span class='ocrx_word' id='word_1_321' title='bbox 1610 3330 1672 3380; x_wconf 85' lang='lat' dir='ltr'><strong>R.</strong></span> <span class='ocrx_word' id='word_1_322' title='bbox 1743 3330 1885 3384; x_wconf 85' lang='lat' dir='ltr'><strong>Pros.</strong></span> <span class='ocrx_word' id='word_1_323' title='bbox 1945 3330 1986 3381; x_wconf 88' lang='grc' dir='ltr'><strong>Ι.</strong></span> <span class='ocrx_word' id='word_1_324' title='bbox 2047 3330 2217 3381; x_wconf 83' lang='lat' dir='ltr'><strong>Praef.</strong></span> <span class='ocrx_word' id='word_1_325' title='bbox 2278 3332 2309 3381; x_wconf 86' lang='grc'><strong>6</strong></span> <span class='ocrx_word' id='word_1_326' title='bbox 2368 3346 2414 3395; x_wconf 85' lang='lat' dir='ltr'><strong>p.</strong></span> <span class='ocrx_word' id='word_1_327' title='bbox 2475 3334 2589 3384; x_wconf 89' lang='grc'><strong>538.</strong></span> <span class='ocrx_word' id='word_1_328' title='bbox 2685 3330 2824 3384; x_wconf 87' lang='lat' dir='ltr'><strong>Cort.</strong></span> 
     </span>
     <span class='ocr_line' id='line_1_34' title="bbox 694 3414 2823 3484; baseline -0.001 -15"><span class='ocrx_word' id='word_1_329' title='bbox 694 3419 888 3471; x_wconf 87' lang='lat' dir='ltr'><strong>Lucan.</strong></span> <span class='ocrx_word' id='word_1_330' title='bbox 943 3414 1098 3470; x_wconf 89' lang='lat' dir='ltr'><strong>VIIL</strong></span> <span class='ocrx_word' id='word_1_331' title='bbox 1151 3420 1219 3469; x_wconf 84' lang='lat'><strong>40</strong></span> <span class='ocrx_word' id='word_1_332' title='bbox 1270 3434 1320 3484; x_wconf 91' lang='lat' dir='ltr'><strong>p.</strong></span> <span class='ocrx_word' id='word_1_333' title='bbox 1375 3420 1490 3469; x_wconf 89' lang='grc'><strong>281.</strong></span> <span class='ocrx_word' id='word_1_334' title='bbox 1570 3416 1699 3469; x_wconf 77' lang='lat' dir='ltr'><strong>Stat.</strong></span> <span class='ocrx_word' id='word_1_335' title='bbox 1754 3416 1917 3469; x_wconf 89' lang='lat' dir='ltr'><strong>Theb.</strong></span> <span class='ocrx_word' id='word_1_336' title='bbox 1969 3416 2092 3467; x_wconf 88' lang='lat' dir='ltr'><strong>XII.</strong></span> <span class='ocrx_word' id='word_1_337' title='bbox 2148 3418 2272 3468; x_wconf 82' lang='lat'>291:</span> <span class='ocrx_word' id='word_1_338' title='bbox 2332 3418 2639 3482; x_wconf 84' lang='lat' dir='ltr'><strong>soporiferas</strong></span> <span class='ocrx_word' id='word_1_339' title='bbox 2692 3420 2823 3471; x_wconf 92' lang='lat' dir='ltr'><strong>coeli</strong></span> 
     </span>
     <span class='ocr_line' id='line_1_35' title="bbox 694 3500 2825 3569; baseline -0 -13"><span class='ocrx_word' id='word_1_340' title='bbox 694 3512 954 3556; x_wconf 88' lang='lat' dir='ltr'><strong>secreta</strong></span> <span class='ocrx_word' id='word_1_341' title='bbox 988 3519 1083 3569; x_wconf 88' lang='lat' dir='ltr'><strong>per</strong></span> <span class='ocrx_word' id='word_1_342' title='bbox 1117 3504 1320 3553; x_wconf 85' lang='lat' dir='ltr'><strong>umbras</strong></span> <span class='ocrx_word' id='word_1_343' title='bbox 1354 3502 1496 3553; x_wconf 67' lang='lat' dir='ltr'><strong>«Iuno</strong></span> <span class='ocrx_word' id='word_1_344' title='bbox 1533 3530 1596 3541; x_wconf 87' lang='lat'><em>-</em></span> <span class='ocrx_word' id='word_1_345' title='bbox 1634 3500 1787 3553; x_wconf 87' lang='lat' dir='ltr'><strong>ibat.“</strong></span> <span class='ocrx_word' id='word_1_346' title='bbox 1863 3500 1986 3556; x_wconf 88' lang='lat' dir='ltr'><strong>VII.</strong></span> <span class='ocrx_word' id='word_1_347' title='bbox 2029 3504 2150 3553; x_wconf 83' lang='lat'>151:</span> <span class='ocrx_word' id='word_1_348' title='bbox 2187 3503 2393 3567; x_wconf 79' lang='lat' dir='ltr'><strong>Jupiter</strong></span> <span class='ocrx_word' id='word_1_349' title='bbox 2426 3530 2490 3539; x_wconf 90' lang='lat'>-</span> <span class='ocrx_word' id='word_1_350' title='bbox 2529 3511 2650 3555; x_wconf 88' lang='lat' dir='ltr'><strong>tunc</strong></span> <span class='ocrx_word' id='word_1_351' title='bbox 2693 3503 2825 3555; x_wconf 77' lang='lat' dir='ltr'><strong>forte</strong></span> 
     </span>
     <span class='ocr_line' id='line_1_36' title="bbox 692 3586 2824 3659; baseline -0 -18"><span class='ocrx_word' id='word_1_352' title='bbox 692 3592 867 3657; x_wconf 83' lang='lat' dir='ltr'><strong>polum</strong></span> <span class='ocrx_word' id='word_1_353' title='bbox 921 3600 1211 3641; x_wconf 87' lang='lat' dir='ltr'><strong>secretus</strong></span> <span class='ocrx_word' id='word_1_354' title='bbox 1262 3588 1525 3659; x_wconf 58' lang='lat' dir='ltr'><strong>habebat‘f</strong></span> <span class='ocrx_word' id='word_1_355' title='bbox 1597 3587 1717 3640; x_wconf 86' lang='lat' dir='ltr'><strong>Vet.</strong></span> <span class='ocrx_word' id='word_1_356' title='bbox 1773 3586 1945 3639; x_wconf 88' lang='lat' dir='ltr'><strong>Schol.</strong></span> <span class='ocrx_word' id='word_1_357' title='bbox 2000 3603 2050 3653; x_wconf 90' lang='lat' dir='ltr'><strong>p.</strong></span> <span class='ocrx_word' id='word_1_358' title='bbox 2088 3588 2215 3639; x_wconf 78' lang='lat'>668:</span> <span class='ocrx_word' id='word_1_359' title='bbox 2284 3589 2337 3638; x_wconf 92' lang='lat' dir='ltr'><strong>in</strong></span> <span class='ocrx_word' id='word_1_360' title='bbox 2388 3591 2663 3640; x_wconf 82' lang='lat' dir='ltr'><strong>secretiore</strong></span> <span class='ocrx_word' id='word_1_361' title='bbox 2717 3590 2824 3656; x_wconf 90' lang='lat' dir='ltr'><strong>poli</strong></span> 
     </span>
     <span class='ocr_line' id='line_1_37' title="bbox 694 3672 2823 3744; baseline 0 -16"><span class='ocrx_word' id='word_1_362' title='bbox 694 3686 839 3744; x_wconf 86' lang='lat' dir='ltr'><strong>parte</strong></span> <span class='ocrx_word' id='word_1_363' title='bbox 876 3672 1039 3740; x_wconf 87' lang='lat' dir='ltr'><strong>erat“)</strong></span> <span class='ocrx_word' id='word_1_364' title='bbox 1097 3691 1129 3725; x_wconf 89' lang='lat' dir='ltr'><strong>a</strong></span> <span class='ocrx_word' id='word_1_365' title='bbox 1165 3672 1328 3725; x_wconf 85' lang='lat' dir='ltr'><strong>Statio</strong></span> <span class='ocrx_word' id='word_1_366' title='bbox 1366 3677 1620 3725; x_wconf 83' lang='lat' dir='ltr'><strong>diceretur</strong></span> <span class='ocrx_word' id='word_1_367' title='bbox 1658 3674 1987 3725; x_wconf 87' lang='lat' dir='ltr'><strong>celeberrima</strong></span> <span class='ocrx_word' id='word_1_368' title='bbox 2018 3673 2158 3735; x_wconf 89' lang='lat' dir='ltr'><strong>urbs,</strong></span> <span class='ocrx_word' id='word_1_369' title='bbox 2194 3681 2252 3723; x_wconf 88' lang='lat' dir='ltr'><strong>ut</strong></span> <span class='ocrx_word' id='word_1_370' title='bbox 2286 3674 2509 3726; x_wconf 84' lang='lat' dir='ltr'><strong>facilis</strong></span> <span class='ocrx_word' id='word_1_371' title='bbox 2546 3684 2595 3726; x_wconf 89' lang='lat' dir='ltr'><strong>et</strong></span> <span class='ocrx_word' id='word_1_372' title='bbox 2631 3691 2823 3743; x_wconf 81' lang='lat' dir='ltr'><strong>expe-</strong></span> 
     </span>
     <span class='ocr_line' id='line_1_38' title="bbox 695 3757 2824 3827; baseline -0 -13"><span class='ocrx_word' id='word_1_373' title='bbox 695 3766 831 3815; x_wconf 84' lang='lat' dir='ltr'><strong>dita</strong></span> <span class='ocrx_word' id='word_1_374' title='bbox 859 3762 1118 3827; x_wconf 80' lang='lat' dir='ltr'><strong>juberetur</strong></span> <span class='ocrx_word' id='word_1_375' title='bbox 1153 3762 1206 3811; x_wconf 88' lang='lat' dir='ltr'><strong>in</strong></span> <span class='ocrx_word' id='word_1_376' title='bbox 1240 3761 1464 3812; x_wconf 82' lang='lat' dir='ltr'><strong>laetitiae</strong></span> <span class='ocrx_word' id='word_1_377' title='bbox 1499 3770 1700 3827; x_wconf 88' lang='lat' dir='ltr'><strong>partem</strong></span> <span class='ocrx_word' id='word_1_378' title='bbox 1735 3761 1922 3821; x_wconf 84' lang='lat' dir='ltr'><strong>venire,</strong></span> <span class='ocrx_word' id='word_1_379' title='bbox 1960 3768 2015 3809; x_wconf 90' lang='lat' dir='ltr'><strong>ut</strong></span> <span class='ocrx_word' id='word_1_380' title='bbox 2050 3757 2209 3809; x_wconf 84' lang='lat' dir='ltr'><strong>Theb.</strong></span> <span class='ocrx_word' id='word_1_381' title='bbox 2248 3760 2343 3814; x_wconf 89' lang='lat' dir='ltr'><strong>IX.</strong></span> <span class='ocrx_word' id='word_1_382' title='bbox 2384 3762 2507 3813; x_wconf 85' lang='lat'><strong>681:</strong></span> <span class='ocrx_word' id='word_1_383' title='bbox 2552 3769 2824 3827; x_wconf 87' lang='lat' dir='ltr'><strong>notamque</strong></span> 
     </span>
     <span class='ocr_line' id='line_1_39' title="bbox 692 3846 2824 3911; baseline 0 -12"><span class='ocrx_word' id='word_1_384' title='bbox 692 3849 938 3900; x_wconf 81' lang='lat' dir='ltr'><strong>tremiscit</strong></span> <span class='ocrx_word' id='word_1_385' title='bbox 972 3846 1115 3899; x_wconf 89' lang='lat' dir='ltr'><strong>Silva</strong></span> <span class='ocrx_word' id='word_1_386' title='bbox 1150 3849 1326 3908; x_wconf 82' lang='lat' dir='ltr'><strong>dcam,</strong></span> <span class='ocrx_word' id='word_1_387' title='bbox 1381 3846 1541 3897; x_wconf 84' lang='lat' dir='ltr'><strong>saevis</strong></span> <span class='ocrx_word' id='word_1_388' title='bbox 1581 3846 1667 3895; x_wconf 91' lang='lat' dir='ltr'><strong>ubi</strong></span> <span class='ocrx_word' id='word_1_389' title='bbox 1703 3846 1958 3911; x_wconf 89' lang='lat' dir='ltr'><strong>quondam</strong></span> <span class='ocrx_word' id='word_1_390' title='bbox 1996 3852 2260 3896; x_wconf 87' lang='lat' dir='ltr'><strong>exserta</strong></span> <span class='ocrx_word' id='word_1_391' title='bbox 2296 3848 2494 3911; x_wconf 82' lang='lat' dir='ltr'><strong>sagittis</strong></span> <span class='ocrx_word' id='word_1_392' title='bbox 2530 3846 2824 3899; x_wconf 84' lang='lat' dir='ltr'><strong>Fecundam</strong></span> 
     </span>
     <span class='ocr_line' id='line_1_40' title="bbox 692 3927 2824 3999; baseline -0.001 -14"><span class='ocrx_word' id='word_1_393' title='bbox 692 3936 829 3987; x_wconf 87' lang='lat' dir='ltr'><strong>lasso</strong></span> <span class='ocrx_word' id='word_1_394' title='bbox 866 3934 1063 3985; x_wconf 91' lang='lat' dir='ltr'><strong>Nioben</strong></span> <span class='ocrx_word' id='word_1_395' title='bbox 1100 3939 1482 3999; x_wconf 86' lang='lat' dir='ltr'><strong>consumpserat</strong></span> <span class='ocrx_word' id='word_1_396' title='bbox 1517 3930 1667 3981; x_wconf 84' lang='lat' dir='ltr'><strong>arcu“</strong></span> <span class='ocrx_word' id='word_1_397' title='bbox 1714 3927 1851 3997; x_wconf 91' lang='lat' dir='ltr'><strong>(Vet.</strong></span> <span class='ocrx_word' id='word_1_398' title='bbox 1892 3928 2064 3982; x_wconf 83' lang='lat' dir='ltr'><strong>Schol.</strong></span> <span class='ocrx_word' id='word_1_399' title='bbox 2102 3948 2151 3998; x_wconf 90' lang='lat' dir='ltr'><strong>p.</strong></span> <span class='ocrx_word' id='word_1_400' title='bbox 2185 3934 2341 3983; x_wconf 84' lang='lat'>1057:</span> <span class='ocrx_word' id='word_1_401' title='bbox 2380 3934 2636 3999; x_wconf 79' lang='lat' dir='ltr'><strong>expedita,</strong></span> <span class='ocrx_word' id='word_1_402' title='bbox 2676 3948 2824 3983; x_wconf 87' lang='lat' dir='ltr'><strong>exer-</strong></span> 
     </span>
     <span class='ocr_line' id='line_1_41' title="bbox 693 4017 2822 4084; baseline 0.001 -15"><span class='ocrx_word' id='word_1_403' title='bbox 693 4022 866 4080; x_wconf 84' lang='lat' dir='ltr'><strong>citata,</strong></span> <span class='ocrx_word' id='word_1_404' title='bbox 900 4021 1134 4070; x_wconf 87' lang='lat' dir='ltr'><strong>strenua“</strong></span> <span class='ocrx_word' id='word_1_405' title='bbox 1170 4029 1221 4070; x_wconf 91' lang='lat' dir='ltr'><strong>et</strong></span> <span class='ocrx_word' id='word_1_406' title='bbox 1257 4034 1385 4084; x_wconf 89' lang='lat' dir='ltr'><strong>quos</strong></span> <span class='ocrx_word' id='word_1_407' title='bbox 1420 4018 1681 4083; x_wconf 87' lang='lat' dir='ltr'><strong>praeteriit</strong></span> <span class='ocrx_word' id='word_1_408' title='bbox 1714 4018 1944 4069; x_wconf 79' lang='lat' dir='ltr'><strong>Jacobus</strong></span> <span class='ocrx_word' id='word_1_409' title='bbox 1982 4017 2211 4078; x_wconf 86' lang='lat' dir='ltr'><strong>Quaestt.</strong></span> <span class='ocrx_word' id='word_1_410' title='bbox 2249 4018 2395 4084; x_wconf 86' lang='lat' dir='ltr'><strong>Epic.</strong></span> <span class='ocrx_word' id='word_1_411' title='bbox 2423 4035 2472 4084; x_wconf 89' lang='lat' dir='ltr'><strong>p.</strong></span> <span class='ocrx_word' id='word_1_412' title='bbox 2496 4021 2611 4081; x_wconf 88' lang='grc'><strong>152,</strong></span> <span class='ocrx_word' id='word_1_413' title='bbox 2650 4018 2822 4071; x_wconf 87' lang='lat' dir='ltr'><strong>Schol.</strong></span> 
     </span>
     <span class='ocr_line' id='line_1_42' title="bbox 693 4104 2827 4171; baseline -0 -13"><span class='ocrx_word' id='word_1_414' title='bbox 693 4107 888 4158; x_wconf 84' lang='lat' dir='ltr'><strong>Lucan.</strong></span> <span class='ocrx_word' id='word_1_415' title='bbox 925 4106 992 4155; x_wconf 87' lang='lat' dir='ltr'><strong>IL</strong></span> <span class='ocrx_word' id='word_1_416' title='bbox 1032 4107 1130 4157; x_wconf 81' lang='lat'><strong>543</strong></span> <span class='ocrx_word' id='word_1_417' title='bbox 1151 4130 1154 4134; x_wconf 94' lang='lat'><em>·</em></span> <span class='ocrx_word' id='word_1_418' title='bbox 1165 4122 1215 4171; x_wconf 89' lang='lat' dir='ltr'><strong>p.</strong></span> <span class='ocrx_word' id='word_1_419' title='bbox 1255 4106 1375 4159; x_wconf 86' lang='lat'>161:</span> <span class='ocrx_word' id='word_1_420' title='bbox 1414 4104 1570 4155; x_wconf 88' lang='lat' dir='ltr'><strong>exerti</strong></span> <span class='ocrx_word' id='word_1_421' title='bbox 1606 4104 1640 4155; x_wconf 89' lang='lat' dir='ltr'><strong>i.</strong></span> <span class='ocrx_word' id='word_1_422' title='bbox 1700 4104 1921 4169; x_wconf 84' lang='lat' dir='ltr'><strong>expediti</strong></span> <span class='ocrx_word' id='word_1_423' title='bbox 1971 4104 2034 4153; x_wconf 85' lang='lat' dir='ltr'><strong>ad</strong></span> <span class='ocrx_word' id='word_1_424' title='bbox 2080 4119 2228 4155; x_wconf 87' lang='lat' dir='ltr'><strong>omne</strong></span> <span class='ocrx_word' id='word_1_425' title='bbox 2276 4104 2417 4154; x_wconf 84' lang='lat' dir='ltr'><strong>nefas</strong></span> <span class='ocrx_word' id='word_1_426' title='bbox 2456 4130 2521 4139; x_wconf 93' lang='lat'><strong>-—</strong></span> <span class='ocrx_word' id='word_1_427' title='bbox 2558 4104 2725 4170; x_wconf 81' lang='lat' dir='ltr'><strong>parati</strong></span> <span class='ocrx_word' id='word_1_428' title='bbox 2762 4106 2827 4157; x_wconf 82' lang='lat' dir='ltr'><strong>ad</strong></span> 
     </span>
     <span class='ocr_line' id='line_1_43' title="bbox 695 4188 2826 4257; baseline 0 -14"><span class='ocrx_word' id='word_1_429' title='bbox 695 4192 925 4243; x_wconf 87' lang='lat' dir='ltr'><strong>malum.“</strong></span> <span class='ocrx_word' id='word_1_430' title='bbox 998 4190 1181 4241; x_wconf 84' lang='lat' dir='ltr'><strong>Isidor.</strong></span> <span class='ocrx_word' id='word_1_431' title='bbox 1217 4190 1391 4256; x_wconf 84' lang='lat' dir='ltr'><strong>Origg.</strong></span> <span class='ocrx_word' id='word_1_432' title='bbox 1430 4190 1502 4245; x_wconf 86' lang='lat' dir='ltr'><strong>X.</strong></span> <span class='ocrx_word' id='word_1_433' title='bbox 1531 4193 1595 4241; x_wconf 84' lang='lat'><strong>81</strong></span> <span class='ocrx_word' id='word_1_434' title='bbox 1634 4206 1685 4256; x_wconf 88' lang='lat' dir='ltr'><strong>p.</strong></span> <span class='ocrx_word' id='word_1_435' title='bbox 1708 4191 1833 4241; x_wconf 81' lang='lat'><strong>326:</strong></span> <span class='ocrx_word' id='word_1_436' title='bbox 1869 4188 2089 4240; x_wconf 75' lang='lat' dir='ltr'><strong>Exortus</strong></span> <span class='ocrx_word' id='word_1_437' title='bbox 2125 4191 2176 4240; x_wconf 88' lang='lat' dir='ltr'><strong>in</strong></span> <span class='ocrx_word' id='word_1_438' title='bbox 2212 4190 2469 4253; x_wconf 89' lang='lat' dir='ltr'><strong>loquendo</strong></span> <span class='ocrx_word' id='word_1_439' title='bbox 2505 4190 2826 4257; x_wconf 89' lang='lat' dir='ltr'><strong>expeditus.“</strong></span> 
     </span>
     <span class='ocr_line' id='line_1_44' title="bbox 696 4274 2825 4341; baseline -0.002 -11"><span class='ocrx_word' id='word_1_440' title='bbox 696 4277 866 4331; x_wconf 83' lang='lat' dir='ltr'><strong>Gloss.</strong></span> <span class='ocrx_word' id='word_1_441' title='bbox 901 4275 1138 4329; x_wconf 85' lang='lat' dir='ltr'><strong>Ambros.</strong></span> <span class='ocrx_word' id='word_1_442' title='bbox 1175 4274 1442 4329; x_wconf 72' lang='lat' dir='ltr'><strong>claudian.</strong></span> <span class='ocrx_word' id='word_1_443' title='bbox 1481 4276 1628 4329; x_wconf 84' lang='lat' dir='ltr'><strong>Mall.</strong></span> <span class='ocrx_word' id='word_1_444' title='bbox 1658 4278 1723 4326; x_wconf 83' lang='lat'><strong>42</strong></span> <span class='ocrx_word' id='word_1_445' title='bbox 1760 4291 1808 4341; x_wconf 81' lang='lat' dir='ltr'><strong>p.</strong></span> <span class='ocrx_word' id='word_1_446' title='bbox 1841 4277 1955 4338; x_wconf 85' lang='lat'>245,</span> <span class='ocrx_word' id='word_1_447' title='bbox 1992 4290 2141 4340; x_wconf 88' lang='lat' dir='ltr'><strong>quam</strong></span> <span class='ocrx_word' id='word_1_448' title='bbox 2166 4277 2428 4341; x_wconf 87' lang='lat' dir='ltr'><strong>praeteriit</strong></span> <span class='ocrx_word' id='word_1_449' title='bbox 2450 4276 2825 4327; x_wconf 85' lang='lat' dir='ltr'><strong>Hildebrandus</strong></span> 
     </span>
     <span class='ocr_line' id='line_1_45' title="bbox 696 4361 2825 4429; baseline 0 -14"><span class='ocrx_word' id='word_1_450' title='bbox 696 4362 863 4416; x_wconf 85' lang='lat' dir='ltr'><strong>Gloss.</strong></span> <span class='ocrx_word' id='word_1_451' title='bbox 920 4363 1083 4415; x_wconf 86' lang='lat' dir='ltr'><strong>Paris.</strong></span> <span class='ocrx_word' id='word_1_452' title='bbox 1121 4364 1218 4415; x_wconf 89' lang='grc'><strong>245</strong></span> <span class='ocrx_word' id='word_1_453' title='bbox 1270 4380 1319 4429; x_wconf 89' lang='lat' dir='ltr'><strong>p.</strong></span> <span class='ocrx_word' id='word_1_454' title='bbox 1361 4366 1486 4415; x_wconf 80' lang='lat'><strong>132:</strong></span> <span class='ocrx_word' id='word_1_455' title='bbox 1540 4370 1749 4420; x_wconf 79' lang='lat' dir='ltr'><strong>exertus</strong></span> <span class='ocrx_word' id='word_1_456' title='bbox 1803 4362 2097 4428; x_wconf 84' lang='lat' dir='ltr'><strong>probatus.“</strong></span> <span class='ocrx_word' id='word_1_457' title='bbox 2169 4361 2337 4416; x_wconf 86' lang='lat' dir='ltr'><strong>Gloss.</strong></span> <span class='ocrx_word' id='word_1_458' title='bbox 2374 4362 2572 4414; x_wconf 84' lang='lat' dir='ltr'><strong>Placid.</strong></span> <span class='ocrx_word' id='word_1_459' title='bbox 2609 4379 2661 4429; x_wconf 87' lang='lat' dir='ltr'><strong>p.</strong></span> <span class='ocrx_word' id='word_1_460' title='bbox 2695 4364 2825 4415; x_wconf 81' lang='lat'>459:</span> 
     </span>
     <span class='ocr_line' id='line_1_46' title="bbox 697 4448 2825 4515; baseline -0.001 -15"><span class='ocrx_word' id='word_1_461' title='bbox 697 4450 858 4502; x_wconf 81' lang='lat' dir='ltr'><strong>exerti</strong></span> <span class='ocrx_word' id='word_1_462' title='bbox 917 4455 1084 4499; x_wconf 83' lang='lat' dir='ltr'><strong>autem</strong></span> <span class='ocrx_word' id='word_1_463' title='bbox 1137 4450 1395 4509; x_wconf 85' lang='lat' dir='ltr'><strong>dicuutur,</strong></span> <span class='ocrx_word' id='word_1_464' title='bbox 1459 4449 1546 4513; x_wconf 87' lang='lat' dir='ltr'><strong>qui</strong></span> <span class='ocrx_word' id='word_1_465' title='bbox 1601 4448 1839 4499; x_wconf 85' lang='lat' dir='ltr'><strong>virtutem</strong></span> <span class='ocrx_word' id='word_1_466' title='bbox 1902 4463 2040 4499; x_wconf 87' lang='lat' dir='ltr'><strong>suam</strong></span> <span class='ocrx_word' id='word_1_467' title='bbox 2096 4456 2313 4499; x_wconf 85' lang='lat' dir='ltr'><strong>exerunt</strong></span> <span class='ocrx_word' id='word_1_468' title='bbox 2367 4456 2419 4499; x_wconf 89' lang='lat' dir='ltr'><strong>et</strong></span> <span class='ocrx_word' id='word_1_469' title='bbox 2476 4449 2529 4499; x_wconf 87' lang='lat' dir='ltr'><strong>in</strong></span> <span class='ocrx_word' id='word_1_470' title='bbox 2587 4456 2825 4515; x_wconf 83' lang='lat' dir='ltr'><strong>promptu</strong></span> 
     </span>
    </p>
   </div>
  </div>
 </body>
</html>
