3234 4967
1354 341 1578 395 Adnot.
1623 344 1709 395 82.
2483 342 2598 407 137

434 555 708 613 .tantem
766 584 856 595 —
913 546 1219 612 Erexi“
1280 546 1716 615 Marklandus
1775 570 1908 613 non
1965 556 2067 613 est
2121 546 2390 616 dubium
2449 551 2606 638 quin

456 654 621 721 vitio
680 651 1119 719 velamentum
1178 654 1575 741 quaesiverit
1629 655 1846 721 inane.
1952 655 2169 738 Quum
2235 656 2406 721 enim
2473 678 2605 721 non

458 762 777 847 ignorem,
837 782 1033 848 quam
1077 758 1209 826 late
1254 769 1484 849 pateat
1526 760 1688 827 illud
1732 784 1962 848 genus,
2009 761 2094 827 de
2141 784 2270 850 quo
2319 762 2600 851 explica-

456 878 697 934 verunt
750 866 1201 955 Wopkensius
1256 866 1489 957 Vellej.
1553 869 1628 933 Π.
1693 868 1755 951 6,
1815 869 1858 934 2
1913 890 1979 955 p.
2027 868 2112 934 29
2174 870 2361 935 Misc.
2409 868 2598 937 Obss„

453 974 640 1041 VIII.
705 973 1014 1041 Oxnerus
1074 973 1213 1041 cie.
1274 971 1417 1039 Eel.
1470 996 1536 1062 p.
1584 974 1733 1040 317.
1827 972 2218 1041 Schaeferus
2277 975 2486 1063 Long.
2536 1000 2602 1065 p.

452 1082 583 1147 389
632 1103 750 1169 sq.,
812 1081 1181 1170 possimque
1228 1080 1433 1147 multa
1478 1101 1867 1168 expromere
1923 1081 2134 1169 petita
2191 1102 2277 1147 ex
2321 1081 2601 1169 Virgilio

452 1197 521 1252 et
567 1187 827 1276 optimis
875 1186 1237 1276 quibusque
1284 1187 1497 1275 poetis
1538 1196 1617 1252 ut
1663 1188 1961 1275 sejuncta
2005 1186 2090 1253 ab
2122 1188 2426 1277 exemplo
2459 1188 2604 1255 Silii

450 1293 575 1359 IX.
624 1294 738 1360 872
798 1314 1026 1361 verum
1084 1294 1212 1359 cui
1273 1293 1495 1359 demta
1551 1293 1809 1359 ferebat
1866 1294 2214 1381 Exsangui
2275 1293 2488 1383 spolia·
2537 1304 2605 1361 et

450 1403 674 1489 cujus
730 1400 1099 1467 nudaverat
1154 1410 1354 1483 artus,
1410 1400 1623 1467 Natus
1685 1408 1845 1465 erat.
1868 1404 1909 1440 “
1997 1400 2087 1465 X.
2135 1400 2293 1465 444:
2357 1401 2603 1484 Quem

450 1507 681 1573 tremis
742 1515 807 1572 et
874 1510 1111 1596 cuj-us
1178 1528 1441 1573 somnos
1510 1505 1857 1573 formidine
1925 1506 2194 1594 rumpis,
2266 1506 2600 1573 Hannibal

448 1611 560 1677 hic⁴
614 1622 903 1679 armatus
960 1612 1165 1697 adest,
1180 1616 1224 1652 “
1280 1614 1377 1679 ita
1430 1611 1585 1679 huic
1640 1612 1786 1679 loco
1833 1612 2226 1678 consimilia:
2289 1613 2358 1678 in
2404 1612 2602 1701 longe

451 1717 647 1785 aliam
705 1727 961 1807 partem
1008 1720 1233 1808 quaeri
1282 1714 1477 1809 jubet
1539 1742 1621 1785 ea
1678 1741 1805 1803 res,
1866 1718 2043 1808 quod
2101 1727 2354 1785 tantum
2415 1720 2604 1786 abest

448 1816 521 1891 ut
564 1824 708 1891 illa:
755 1826 1395 1915 Reptantemque
1440 1866 1531 1875 —
1574 1826 1824 1893 Erexi
1871 1834 2238 1893 extremum
2285 1834 2600 1893 tueantur

448 1932 684 2015 locum,
730 1941 805 1999 ut
848 1932 935 1999 ad
980 1934 1189 2021 ipsam
1236 1956 1381 1999 eam
1426 1934 1722 2017 formam,
1771 1956 1814 1999 a
1859 1956 1988 2022 qua
2032 1935 2384 1999 recessisse
2418 1956 2482 1999 v.
2515 1934 2604 1999 83

449 2048 739 2127 putatur,
800 2048 998 2127 poeta
1052 2038 1324 2105 redierit
1382 2063 1445 2106 v.
1496 2040 1614 2125 853
1674 2038 1852 2105 hunc
1909 2040 2082 2105 enim
2129 2040 2456 2105 cernimus
2505 2062 2603 2106 or·

450 2145 701 2212 dinem:
750 2148 889 2237 qui
918 2184 1009 2195 --
1038 2147 1301 2233 genium
1330 2146 1654 2234 implicuit
1684 2144 1958 2233 fixitque
1989 2144 2168 2229 mihi,
2217 2168 2254 2209 c
2270 2146 2350 2210 ui
2397 2146 2604 2213 verba

452 2275 777 2343 sonosque
816 2252 1181 2319 Monstravi
1228 2252 1339 2341 (et
1385 2274 1613 2341 quem
1659 2260 2031 2340 reptantem
2077 2251 2314 2318 erexi
2357 2260 2426 2317 et
2471 2252 2601 2317 cui

449 2360 709 2450 pandi
769 2358 998 2448 sinus),
1062 2360 1193 2425 cui
1250 2380 1491 2425 nomen
1546 2379 1684 2424 vox
1741 2358 1955 2447 prima
2011 2378 2248 2423 meum.
2267 2361 2309 2395 “
2402 2358 2600 2441 Quid,

452 2467 649 2557 quod‘
686 2466 1118 2553 incomposita
1160 2466 1396 2533 merit-0
1459 2464 1700 2531 dicitur
1759 2465 1989 2547 oratio,
2051 2486 2218 2553 quae
2277 2486 2476 2551 quum
2533 2465 2602 2531 in

452 2573 616 2639 duas
674 2595 883 2663 aeque
942 2572 1274 2661 descripta
1320 2573 1405 2638 sit
1448 2580 1692 2660 pal-test,
1751 2591 2026 2659 quarum
2080 2568 2290 2637 altera
2333 2571 2602 2637 infantis

449 2681 797 2767 vagientis,
874 2680 1215 2767 reptantis,
1296 2676 1838 2744 obdormiscentis
1907 2676 2121 2765 („cui
2183 2676 2447 2744 verba
2514 2716 2602 2729 --

450 2784 875 2875 somnos“)
895 2834 912 2869 ,
989 2784 1193 2851 altera
1238 2788 1380 2875 jam
1440 2783 1648 2867 verba
1705 2783 2014 2850 tentantis
2070 2806 2149 2850 ac
2208 2783 2599 2873 quibusdam

450 2892 731 2959 tenellae
793 2892 1029 2957 aetatis
1055 2960 1060 2965 ,
1088 2890 1470 2957 rudimentis
1528 2889 1870 2979 spectandi
1915 2889 2136 2979 („cui
2177 2912 2469 2957 nomen
2513 2930 2602 2941 —--

448 2997 762 3088 culti“)
810 2998 1202 3085 significatio
1250 2998 1644 3082 continetur,
1692 2996 1893 3082 illam,
1941 3019 2072 3085 qua
2116 2998 2366 3086 primae
2399 2997 2602 3064 infan-

451 3106 583 3171 tiae
632 3105 821 3191 signa
864 3114 1305 3189 recensentur,
1352 3102 1594 3171 habeat
1639 3126 1771 3171 non
1813 3126 1944 3170 uno
1977 3112 2208 3170 tenore
2241 3103 2598 3187 detextam,

450 3211 567 3279 sed
616 3211 959 3278 discissam
1004 3216 1073 3276 in
1102 3210 1274 3277 hanc
1305 3209 1820 3277 deformitatem:
1869 3212 1996 3275 cui
2041 3209 2246 3278 verba
2277 3232 2600 3299 sonosque

450 3319 897 3383 monstravi
964 3354 1052 3367 ——-·
1122 3317 1229 3406 (et
1306 3340 1531 3407 quem
1608 3326 1978 3406 reptantem
2053 3318 2240 3383 erexi
2317 3326 2396 3383 et
2471 3319 2599 3383 cui

450 3423 653 3512 pandi
699 3422 987 3513 sinus).“
1078 3423 1377 3509 Accedit,
1427 3425 1604 3513 quod
1650 3426 1764 3513 qui
1808 3423 1989 3491 illam
2037 3432 2323 3491 aetatem
2369 3422 2600 3491 sollici-

374 3550 379 3555 ·
450 3540 568 3616 tat,
640 3554 826 3597 amor
884 3532 1125 3597 rectius
1186 3531 1427 3598 dicitur
1488 3532 1754 3598 infantis
1821 3532 1991 3621 „qui
2045 3529 2324 3620 pedibus
2385 3530 2600 3597 adhuc

447 3638 651 3703 inniti·
687 3660 821 3703 non
866 3638 1131 3725 possit“
1192 3638 1452 3727 (Barth.
1499 3638 1541 3706 l.
1590 3638 1656 3703 d.
1703 3664 1768 3728 p.
1816 3637 2000 3729 509),
2050 3656 2286 3726 corpus
2331 3637 2600 3703 admini-

449 3744 595 3812 culo
628 3744 903 3811 dextrae
936 3745 1158 3811 levare
1208 3754 1273 3810 et
1320 3752 1710 3829 sustentare,
1761 3767 1956 3834 quam
2001 3744 2356 3832 erigere:
2405 3743 2600 3824 docu-

452 3860 672 3917 mento
730 3860 830 3917 est
875 3851 984 3917 vel
1030 3851 1295 3919 Curtius
1340 3852 1481 3917 Vll.
1529 3854 1593 3936 3,
1646 3853 1755 3919 17:
1803 3852 2004 3937 „Rex
2049 3872 2285 3939 agmen
2331 3851 2600 3916 circum-

453 3956 595 4023 ibat
638 3956 845 4045 pedes
891 3960 1289 4046 jacentes
1328 3957 1648 4048 quosdam
1695 3960 2056 4046 erigens,
2107 3966 2174 4023 et
2219 3956 2402 4042 alios,
2451 3977 2598 4023 cum

450 4086 650 4151 aegre
694 4074 1143 4153 sequerentur,
1191 4064 1585 4132 adminiculo
1619 4066 1912 4155 corporis
1943 4065 2042 4131 sui
2089 4064 2541 4153 excipiens.
2558 4064 2600 4102 “

449 4170 636 4253 Quae
697 4193 893 4259 quum
938 4171 1033 4237 ita
1079 4172 1227 4255 sint,
1288 4172 1381 4237 sic
1428 4180 1677 4238 statuo:
1742 4194 1820 4238 eo
1866 4170 2154 4238 levitatis
2199 4192 2464 4259 genere,
2513 4168 2598 4235 de

446 4298 581 4363 quo
611 4300 674 4341 v.
714 4277 799 4342 67
848 4276 1153 4362 diximus,
1202 4278 1613 4343 imminutum
1661 4300 1702 4344 a
1744 4277 2030 4344 librariis
2074 4276 2274 4343 fuisse
2322 4274 2595 4345 verbum

447 4404 491 4467 p
511 4382 783 4467 orrexi,
846 4382 1001 4451 inde
1060 4384 1131 4449 in
1189 4403 1385 4451 versu
1443 4384 1744 4473 proxime
1805 4386 2142 4473 superiore
2201 4368 2487 4450 litteram
2531 4403 2598 4447 m
