3234 4967
1315 365 1611 432 Conject.
1650 368 1718 419 V.
2489 374 2587 423 1⁶17

447 539 647 589 mei-tin.
686 536 829 591 Grat.
868 540 988 591 Act.
1026 541 1073 599 6,
1110 542 1140 589 2
1178 555 1226 605 p.
1262 542 1364 591 672
1401 540 1473 589 sic
1508 542 1774 605 scriptum:
1824 556 1955 602 „nec
1989 548 2095 591 tota
2130 542 2218 591 tibi
2255 542 2588 595 Penatium

446 638 635 673 sacra
670 626 991 688 peragranda
1026 625 1176 675 sunt“
1202 624 1463 689 Propertii
1497 626 1611 675 loco
1639 624 1801 686 111.1,
1825 627 1852 676 1
1890 626 2131 675 adhibere
2169 641 2248 677 me
2283 627 2414 691 fugit
2431 626 2613 679 Anah*

444 708 601 769 Prop.
638 708 760 759 VII.
804 727 852 775 p.
890 712 953 761 41
994 707 1111 774 sq).
1190 710 1429 775 Fulgent.
1467 710 1510 759 1.
1549 726 1597 775 p.
1637 712 1764 765 600:
1810 711 2038 760 villatica
2084 712 2480 761 semot.i0ne“
2527 728 2586 762 ac

445 795 613 845 multis
636 795 689 843 in
714 796 840 845 locis
865 796 1132 845 seducta
1156 796 1313 859 regi0,
1338 797 1595 847 seducti
1621 810 1872 857 recessus,
1899 803 2190 846 secretus
2229 812 2380 868 agenr
2403 796 2586 853 Avien.

444 879 594 931 1).0.
620 881 765 938 1039,
802 888 1091 931 secretae
1124 882 1286 931 valles
1324 880 1574 944 (remoti
1614 888 1832 941 montes,
1870 882 2180 931 reductae
2216 882 2377 932 valles
2410 883 2585 933 Burin.

445 962 713 1018 claudian.
732 960 817 1015 IV
854 964 1005 1016 Cous.
1038 966 1173 1018 Hon.
1196 969 1261 1018 80
1295 982 1346 1031 p.
1370 966 1507 1031 134),
1543 982 1672 1031 quos
1709 968 1854 1019 locos
1891 965 2168 1017 afferemus
2193 966 2404 1021 Emend.
2428 968 2586 1033 Prop.

443 1050 543 1101 111.
586 1053 630 1099 1.
670 1051 821 1101 VIIL
859 1054 907 1103 3.

578 1136 823 1199 Ejusdem
860 1137 977 1187 libri
1012 1137 1300 1187 auctoritati
1338 1137 1557 1201 primum
1590 1138 1690 1187 hoc
1725 1139 1944 1187 dandum
1983 1143 2077 1199 est,
2115 1145 2172 1186 ut
2205 1137 2256 1187 in
2293 1153 2446 1187 versu
2472 1140 2604 1199 104,.

442 1222 493 1269 in
532 1236 633 1286 quo
668 1222 933 1287 pulverem
971 1238 1001 1271 a
1036 1220 1200 1273 Statio
1246 1224 1343 1271 dici
1392 1224 1640 1287 exequias
1687 1224 1846 1288 patris
1885 1222 2016 1273 salso
2055 1211 2220 1273 credit
2254 1224 2593 1288 Dempsterna

443 1305 713 1357 claudian.
752 1306 871 1359 Rus.
910 1308 980 1357 11.
1016 1309 1119 1358 452
1157 1323 1204 1371 p.
1246 1309 1360 1369 103,
1398 1309 1676 1357 retineatur
1709 1304 1868 1361 mudz
2471 1292 2478 1298 ’

986 1393 1253 1443 semirutos
1286 1393 1455 1443 subito
1490 1394 1567 1442 de
1604 1394 1813 1458 pulvere
1847 1393 2039 1457 vultus,

446 1478 586 1542 quod
624 1478 711 1541 qui
748 1486 1053 1542 spreverunt
1086 1477 1231 1540 (nam
1267 1486 1533 1543 praetereo
1555 1478 1837 1539 Queckium
1875 1479 2026 1542 huju-s
2061 1492 2244 1529 versus.
2262 1478 2583 1530 laudatorem

441 1578 494 1626 p.
530 1560 733 1613 XXVI.
772 1573 824 1611 et
846 1578 897 1627 p.
926 1564 1053 1613 109:
1091 1564 1165 1613 de
1202 1562 1419 1612 subito
1454 1563 1732 1627 pulvere
1767 1563 1968 1612 vultus“
2003 1563 2146 1613 illum
2185 1564 2387 1628 quidem
2432 1572 2581 1615 nota·

440 1654 597 1697 tatum
634 1648 698 1697 ab
718 1648 936 1698 Imhofio
960 1646 1171 1697 Condie.
1195 1646 1321 1698 Crit.
1340 1664 1389 1712 p.
1410 1646 1519 1711 44),
1556 1662 1654 1698 nec
1669 1649 1904 1699 -aliorum
1943 1648 2301 1713 exemplorum
2317 1664 2349 1697 a
2368 1648 2598 1702 Bai-thio*

342 1790 350 1795 ,
443 1731 710 1783 claudian.
744 1748 792 1797 p.
832 1734 978 1785 1343.
1021 1734 1311 1783 Arntzenio
1348 1731 1547 1783 Arator.
1584 1733 1752 1800 Epist.
1789 1735 1851 1783 ad
1891 1733 2112 1783 Florian.
2151 1735 2182 1785 6
2219 1750 2268 1797 p.
2295 1736 2340 1783 7.
2388 1732 2580 1786 Orellio

441 1815 639 1869 Arnob.
678 1817 745 1867 V.
784 1820 812 1867 1
851 1835 901 1884 p.
940 1821 1040 1869 264
1074 1835 1149 1883 sq.
1220 1818 1429 1871 Handio
1466 1820 1620 1869 Turs.
1645 1817 1700 1868 11
1736 1835 1784 1883 p.
1811 1822 1907 1869 217
1947 1834 2022 1883 sq.
2061 1820 2392 1869 collectorum
2429 1819 2581 1871 ratio-

442 1915 557 1953 nem
595 1902 883 1963 habuerunt
919 1918 1015 1953 nec
1048 1904 1325 1954 Claudiani
1362 1903 1531 1955 Praef.
1562 1904 1708 1953 Eutr.
1727 1904 1794 1959 ΙΙ,
1825 1907 1916 1956 252
1955 1902 2206 1955 Canitiem
2242 1903 2388 1967 largo
2413 1918 2596 1955 raram-

440 1990 515 2039 de
552 1989 819 2053 pulvere
866 1990 1084 2053 turpat“
1126 1988 1189 2039 cf.
1228 1989 1355 2040 Stat.
1396 1989 1561 2039 Theb.
1598 1990 1694 2042 IV.
1737 1990 1826 2039 72:
1873 1997 2054 2039 trunca
2100 1990 2275 2039 vident
2321 1991 2396 2039 de
2441 1990 2586 2043 vul-2

439 2088 586 2123 uere
622 2074 788 2124 multo
815 2071 1037 2127 Cornua..
1064 2073 1156 2125 Sil.
1178 2074 1273 2125 vl.
1294 2076 1418 2125 634:
1454 2072 1676 2123 Fabium
1712 2075 1786 2123 de
1823 2074 2092 2124 crimine
2117 2080 2258 2124 tanto
2288 2074 2579 2125 Procreat.“

437 2158 666 2209 Mastial.
702 2158 854 2213 VIII.
894 2161 941 2220 6,
983 2162 1072 2212 10:
1110 2160 1361 2210 Pollice
1400 2162 1473 2210 de
1506 2160 1662 2225 Pylio
1699 2159 1820 2209 trita
1855 2160 2095 2209 columba
2132 2160 2310 2209 nitet.“
2348 2160 2484 2227 ΑΜ).
2509 2161 2577 2229 Β.

436 2242 598 2293 Paris.
636 2243 709 2293 ΙΙ.
746 2246 873 2295 2663
928 2245 1217 2295 verrebant
1250 2251 1411 2295 terras
1457 2246 1662 2311 proprio
1711 2246 1786 2294 de
1833 2245 2014 2293 crine
2066 2244 2279 2297 solut0.“
2348 2240 2576 2296 Ermold.

437 2327 622 2393 Nigell.
660 2328 733 2379 11.
772 2330 897 2380 353:
944 2329 1041 2379 Ille
1077 2331 1201 2379 lavit
1233 2332 1442 2395 proprio
1490 2331 1734 2381 miserans
1787 2331 1860 2379 de
1912 2330 2232 2393 sanguine
2285 2328 2580 2379 mundum.“

436 2414 499 2463 In
534 2414 697 2463 altero
735 2420 903 2465 autem
926 2414 1093 2465 ‘Statii
1130 2428 1309 2467 versut
2747 2440 2752 2444 ·
2958 2458 3030 2478 ,...

1051 2501 1342 2564 crinemque
1380 2499 1563 2551 afflato
1602 2509 1770 2551 monte
1807 2500 1995 2565 sepulti
2275 2570 2283 2577 ι
2643 2458 2953 2541 5:3239‘5

842 2586 987 2635 Pone
1024 2602 1177 2651 super
1212 2586 1434 2637 tumulos
1473 2594 1525 2635 et
1562 2587 1735 2649 magni
1774 2586 1927 2636 funus
1963 2585 2169 2646 alumni,

438 2670 521 2732 qni
559 2671 943 2720 memorabilem
980 2671 1142 2720 doctis
1176 2669 1465 2721 vhominibus
1501 2672 1846 2737 suppeditavit
1881 2671 2140 2719 materiam
2191 2677 2244 2720 et
2287 2672 2428 2721 varie
2476 2672 2576 2721 dis·

436 2756 671 2819 captandi
711 2763 765 2805 et
801 2756 1147 2807 audacissime
1184 2758 1483 2821 corrigendi,
1520 2756 1743 2819 ejusdem
1781 2756 1897 2805 libri
1925 2756 2025 2805 fide
2051 2758 2286 2805 standum
2317 2764 2413 2817 est,
2452 2772 2579 2822 quaa

436 2847 583 2889 tenus
620 2841 906 2892 invenimus
944 2842 1223 2907 proditum:
1272 2844 1576 2903 sepultum,
1625 2844 1760 2905 quod
1796 2842 1928 2891 idem
1977 2848 2117 2890 tenet
2151 2840 2382 2891 Venetus
2427 2841 2579 2904 liber}

436 2927 527 2976 sed
564 2927 661 2976 hoc
698 2928 915 2991 amplius
952 2942 1209 2977 censemus
1246 2930 1497 2978 crinerem
1532 2928 1703 2988 illum,
1753 2943 1854 2991 quo
1906 2927 2166 2991 oppletam
2212 2929 2342 2977 tunc
2383 2931 2580 2977 omnem

435 3026 572 3061 oram
608 3011 765 3063 fuisse
800 3015 999 3062 constat
1035 3010 1192 3077 (Plin.
1230 3012 1394 3078 Epist.
1420 3012 1516 3065 VI.
1556 3014 1636 3073 16,
1673 3014 1720 3063 6.
1755 3016 1834 3066 11.
1864 3009 1981 3076 14),
2039 3001 2372 3077 significatum
2426 3012 2580 3063 fuisse

434 3097 533 3148 hoc
570 3098 753 3149 modo:
1949 3154 1958 3158 „

978 3182 1269 3247 crinemque
1306 3182 1504 3233 afflata
1539 3185 1729 3234 sorde
1765 3184 1912 3249 sepul
1925 3192 2044 3233 tum

436 3264 565 3325 (sive
602 3269 783 3319 mavis:
818 3269 879 3317 in
914 3270 1103 3319 sorde
1142 3268 1207 3319 cf.
1246 3269 1431 3320 Manil.
1456 3270 1555 3319 IV.
1582 3272 1711 3321 388:
1747 3270 1942 3320 Rursus
1981 3278 2033 3319 et
2066 3270 2143 3337 inq
2167 3284 2354 3333 magna
2388 3271 2579 3333 mergis

438 3352 653 3415 caligine
700 3353 973 3405 mentem.⁴‘
1054 3354 1263 3419 Joseph.
1300 3355 1399 3405 Isc.
1438 3354 1531 3405 VI.
1572 3355 1698 3406 262:
1751 3362 1981 3419 potoque
2035 3356 2168 3419 perit
2217 3355 2283 3403 in
2327 3356 2578 3419 sanguine

436 3451 667 3487 mersum.
753 3440 875 3489 217:
913 3440 1149 3504 putrique
1196 3441 1257 3488 in
1294 3441 1457 3489 nube
1494 3440 1816 3505 sepultam
1859 3440 2127 3490 Praetexit
2163 3440 2328 3504 caligo
2364 3437 2576 3504 diem“).

438 3522 538 3583 Qui
576 3524 756 3573 modus
792 3540 896 3573 non
936 3524 1180 3574 abhorret
1216 3540 1247 3573 a
1282 3524 1428 3575 Statii
1474 3525 1682 3589 ingenio
1717 3525 2049 3595 insolentiora
2087 3524 2378 3575 consectari
2425 3525 2576 3578 soliti.

436 3607 573 3657 Nam
610 3610 749 3673 apud
784 3608 1082 3659 Lucretium
1118 3617 1263 3659 extat
1296 3609 1389 3661 VI.
1431 3612 1589 3661 1271:
1643 3610 1868 3660 membra
1901 3610 2172 3660 Ulceribus
2209 3610 2384 3659 taetris
2419 3625 2576 3675 prope

430 3694 537 3757 j'am
577 3696 871 3760 cordique
908 3712 1011 3761 sep
1027 3694 1222 3755 ulta‚“
1262 3698 1395 3761 quod
1432 3712 1536 3745 non
1571 3696 1785 3745 multum
1823 3694 1986 3745 abfuit
2011 3696 2143 3763 ⁸quin
2175 3694 2500 3745 transferrem
2523 3696 2576 3745 in

433 3780 578 3829 illum
616 3782 812 3841 „sordis
849 3768 1052 3830 infimae
1089 3780 1332 3831 infamem
1364 3782 1662 3831 hominem“
1695 3779 1876 3845 (Apul.
1915 3780 2040 3830 Met.
2078 3781 2118 3832 Ι.
2155 3796 2206 3845 p.
2232 3776 2338 3845 67),
2376 3782 2440 3829 de
2476 3796 2578 3844 quo

434 3864 570 3927 apud
606 3864 1041 3916 Claudianum
1078 3883 1213 3916 nunc
1252 3875 1331 3916 est
1365 3866 1718 3917 Eutr.1.211:
1757 3866 1878 3929 quid
1907 3864 2052 3927 jure
2089 3865 2406 3930 sepultum
2430 3864 2577 3913 Man-

434 3949 619 4013 cipium
657 3957 737 4004 tot
770 3966 927 4015 regna
964 3953 1166 4003 tenet:“
1204 3952 1340 4015 quod
1377 3952 1542 4016 ipsum
1580 3967 1611 4000 a
1649 3951 1861 4001 Barthio
1881 3950 2018 4003 Adv.
2046 3950 2196 4001 XIV.
2218 3953 2246 4000 7
2273 3967 2318 4014 p.
2343 3951 2441 4000 766
2476 3950 2576 4001 his:

435 4034 703 4098 „libertate
739 4044 971 4086 carentes
1008 4038 1141 4087 servi
1177 4052 1270 4101 pro
1307 4036 1516 4086 mortuis
1546 4036 1661 4098 jure
1698 4037 1836 4086 civili
1863 4035 2152 4085 habentur“
2187 4034 2376 4085 frustra
2400 4034 2577 4085 defen-

388 4129 391 4132 '
430 4136 543 4171 sum
595 4118 681 4185 (cf.
720 4120 899 4173 Burm.
930 4121 1252 4173 ‘Anth.'Lat.
1289 4122 1389 4173 111.
1429 4123 1543 4182 133,
1580 4123 1611 4171 3
1649 4136 1699 4185 p.
1737 4123 1852 4173 586.
1923 4122 2123 4175 Eunod.
2163 4120 2333 4171 Carm.
2370 4120 2440 4169 11.
2481 4122 2577 4172 1οΊ

432 4223 481 4271 p.
520 4207 624 4258 354
658 4206 730 4257 B:
776 4205 909 4257 ferat
942 4208 1065 4257 inde
1103 4208 1331 4273 linguam
1367 4206 1557 4257 Indicis
1595 4204 1786 4257 Christi
1829 4206 2025 4258 facibus
2071 4213 2276 4272 perusta
2311 4204 2430 4255 Ore
2479 4220 2577 4269 seg

432 4291 700 4357 pultus.“
743 4294 839 4342 112
877 4308 923 4357 p.
964 4294 1079 4343 855.
1116 4290 1185 4342 C:
1234 4306 1349 4343 ora
1384 4293 1649 4358 sepulta
1692 4289 1892 4357 geris)“
1944 4298 2124 4357 postea
2173 4292 2356 4341 visum.
2388 4296 2464 4339 est
2515 4292 2578 4341 ad

432 4377 813 4453 similitudinem
868 4393 1049 4429 versus
1104 4376 1218 4428 Stil.
1266 4380 1309 4429 Ι.
1356 4380 1484 4430 3823
1540 4378 1686 4442 jure
1739 4378 2116 4444 perempssto“
2169 4378 2265 4427 hac
2325 4376 2580 4426 scribendi
