3234 4967
648 361 727 428 18
1517 364 1750 417 Adnot.
1784 365 1835 416 e.
1874 366 1926 418 9.

641 553 704 636 9,
751 550 872 616 58:
920 551 1086 635 „Me
1133 552 1401 618 tenuit
1443 554 1731 618 moriens
1779 552 2232 619 deficiente
2278 559 2575 621 manu“
2622 554 2790 620 The·

640 657 854 726 baidis
907 656 1092 724 locus
1147 658 1240 724 ΙΙ.
1297 659 1457 726 6303
1517 659 1794 743 „fratris
1840 659 2231 726 moribunda
2273 659 2540 726 levabat
2586 661 2789 727 Mem-

638 764 761 831 bra
805 763 942 830 solo
988 764 1304 853 Periphas
1349 804 1438 814 --
1481 765 1677 831 laeva
1730 767 2185 832 marcentia
2243 765 2465 831 colla
2526 766 2789 833 Susten-

640 881 789 936 tans
847 871 1211 959 dextraque
1266 871 1505 955 latus,“
1567 895 1695 960 quo
1742 871 1887 938 loeo
1934 872 2096 938 nihil
2140 873 2520 937 instructius
2579 883 2678 938 est
2726 884 2792 938 et

643 978 728 1043 ad
775 978 1288 1044 confirmandum
1334 977 1648 1066 loquendi
1694 1001 1921 1065 genus,
1956 981 2139 1066 cujus
2186 972 2548 1044 similitude
2589 979 2791 1043 cerni-

644 1095 752 1149 tur
797 1084 974 1171 apud
1021 1083 1446 1150 Columellam
1492 1087 1583 1150 X.
1630 1087 1799 1151 4283
1858 1085 2259 1168 „Brachia
2304 1125 2392 1134 --
2434 1107 2793 1151 marcen-

642 1191 764 1255 tia
829 1191 1044 1254 vino“
1115 1199 1182 1255 et
1251 1190 1660 1256 Marcianum
1718 1190 2055 1278 Capellam
2116 1192 2234 1256 VI.
2307 1191 2435 1255 704
2497 1215 2562 1279 p.
2624 1191 2788 1256 5673

643 1298 1162 1379 „marcentia
1205 1306 1399 1382 terga
1428 1296 1722 1380 reclinat,
1756 1298 1973 1383 Magis
2020 1299 2195 1385 quod
2240 1297 2415 1362 lassa
2459 1296 2789 1385 pulcrior“

644 1398 758 1488 (cf.
813 1401 979 1468 Stat.
1034 1400 1241 1467 Theb.
1297 1401 1418 1467 IV.
1475 1402 1640 1467 667:
1714 1402 2087 1470 Concussus
2151 1405 2331 1486 visiS,
2398 1425 2790 1490 quamquam

646 1528 769 1572 ore
833 1515 900 1572 et
955 1517 1298 1595 pectore
1356 1516 1689 1572 marcet.
1760 1507 1913 1574 Sen.
1945 1507 2181 1593 Agam.
2218 1509 2377 1573 789:
2437 1512 2579 1596 jam
2634 1511 2792 1574 reci-

644 1613 749 1701 pit
793 1611 968 1677 diem
1029 1613 1454 1679 Marcente
1511 1614 1712 1679 visu.
1796 1613 1963 1680 Oed.
2027 1614 2184 1678 146:
2258 1613 2416 1680 Cor
2482 1624 2793 1680 marcet

643 1741 915 1806 aegrum
961 1720 1244 1805 penitus.
1327 1718 1566 1784 Avien.
1620 1720 1809 1784 Arat.
1856 1719 2103 1786 Phaen.
2147 1721 2269 1786 46:
2340 1742 2479 1803 „ne
2526 1720 2794 1807 longum

644 1825 1110 1890 marcentia
1192 1824 1436 1889 corda
1491 1826 1903 1915 jacerent“),
1980 1835 2046 1890 et
2116 1825 2199 1890 ad
2267 1827 2791 1912 patefaciendam

657 1932 797 1996 vitii
852 1932 1200 2017 originem3
1275 1931 1345 1994 in
1404 1930 1742 1995 codicibus
1791 1931 1961 1996 enim
2016 1931 2299 1996 inveniri
2353 1932 2793 1996 morientia

644 2037 832 2101 testis
879 2045 980 2102 est
1023 2036 1438 2101 Burmannus
1487 2034 1691 2100 Anth.
1736 2036 1884 2102 Lat.
1929 2036 2018 2102 ΙΙ.
2065 2060 2130 2124 p.
2165 2036 2295 2100 669
2342 2035 2480 2125 (1116
2530 2037 2794 2124 quidem

645 2145 985 2209 immemor
1037 2140 1346 2207 Politiani
1391 2141 1670 2228 Epiced.
1718 2141 2028 2208 Albierae
2085 2165 2149 2229 p.
2184 2143 2348 2206 3303
2397 2141 2636 2225 „Illius
2685 2143 2795 2209 ad-

647 2258 877 2338 spectu
921 2249 1370 2313 morientia
1427 2246 1735 2312 lumina
1778 2249 2046 2335 pascit“
2108 2257 2174 2311 et
2222 2246 2448 2314 Ovidii
2494 2249 2655 2314 Met.
2702 2250 2793 2318 X.

653 2356 810 2421 194:
867 2355 1036 2438 „Sic
1081 2352 1302 2420 vultus
1358 2353 1715 2418 moriens
1764 2356 2015 2441 Jacet,“
2061 2351 2173 2417 ubi
2218 2353 2421 2418 miror
2467 2353 2551 2418 ab
2596 2355 2795 2419 Hein-

649 2462 746 2527 sio
802 2482 936 2526 non
997 2460 1308 2546 seriptum
1371 2480 1512 2523 esse
1570 2456 1987 2546 marcens)
2050 2456 2408 2545 eodemque
2470 2457 2665 2524 modo
2725 2460 2793 2523 in
2848 2511 2855 2519 .

649 2566 930 2632 Orientii
974 2588 1206 2632 versu:
1254 2563 1592 2648 „Pendula
1619 2585 1807 2650 -quae
1853 2573 2225 2628 moerent
2270 2566 2471 2650 rugis
2494 2564 2794 2631 deformi—

648 2673 770 2738 bus
817 2675 1010 2737 ora.“
1055 2671 1283 2736 Heins.
1330 2669 1674 2736 Claudian.
1718 2668 1996 2756 Eutrop.
2039 2669 2093 2733 I.
2145 2669 2272 2733 110
2316 2692 2380 2757 p.
2427 2671 2554 2736 279
2601 2695 2796 2738 mar·

649 2788 843 2842 cent
900 2787 967 2843 et
1025 2779 1094 2841 in
1142 2776 1286 2842 aliis
1331 2776 1492 2841 locis
1540 2785 1830 2841 erratum
1878 2797 2021 2840 esse
2069 2775 2562 2842 demonstrandi
2608 2779 2800 2866 copia

650 2886 776 2951 erit
820 2885 888 2949 in
919 2880 1248 2947 Emendd.
1289 2883 1486 2969 Prop.
1534 2881 1724 2946 VIII.
1772 2883 1841 2962 33
1903 2903 2075 2946 nunc
2137 2884 2295 2948 satis
2356 2892 2456 2947 est
2514 2885 2795 2969 primum

651 2991 921 3058 Statio
969 2988 1176 3054 Theb.
1222 2987 1381 3052 XII.
1431 2987 1598 3053 314:
1648 2988 2078 3074 „suffusaque
2128 2988 2445 3088 sanguine
2492 2998 2796 3054 moeret

652 3097 1011 3184 Purpura“
1061 3093 1366 3182 (fortasse
1416 3094 1612 3157 etiam
1660 3091 1928 3158 Valerio
1959 3091 2199 3157 Flacco
2230 3092 2320 3156 II.
2353 3091 2515 3156 4653
2564 3092 2796 3177 „Exa-

651 3204 898 3268 nimum
955 3200 1162 3266 veluti
1191 3239 1304 3256 .-
1350 3200 1470 3265 Mo
1491 3207 1669 3264 eret
1726 3199 1917 3264 ebur
1934 3246 1952 3280 ,
1974 3201 2013 3236 “
2073 3197 2368 3284 quamvis
2428 3195 2617 3264 aliter
2674 3208 2799 3264 sta-

651 3317 796 3374 tuat
824 3308 1135 3373 Heinsius
1180 3307 1235 3373 Ι.
1271 3306 1354 3371 86
1402 3328 1466 3392 p.
1501 3304 1572 3393 9)
1617 3303 1919 3387 reddere,
1970 3303 2147 3391 quod
2190 3305 2258 3369 in
2305 3303 2638 3372 codicibus
2661 3306 2799 3371 Mo-

651 3414 1042 3480 nacensibus
1072 3412 1189 3479 BC
1231 3413 1478 3498 reperi:
1521 3419 1887 3493 „marcet
1927 3409 2039 3496 (cf.
2071 3407 2316 3505 Adnot.
2348 3434 2412 3478 v.
2446 3411 2553 3474 29.
2587 3411 2795 3481 Theb.

654 3521 744 3584 X.
777 3520 914 3584 98:
974 3527 1267 3585 marcent
1317 3517 1763 3582 Germina.“
1875 3515 2123 3581 Auson.
2174 3515 2339 3603 Cup.
2388 3517 2457 3580 8:
2520 3517 2796 3584 flores.

655 3624 891 3691 Avien.
927 3623 1134 3690 'Arat.
1189 3623 1434 3688 Phaen.
1492 3623 1643 3688 231.
1693 3622 1858 3686 8443
1920 3621 2187 3705 „Queis
2245 3623 2387 3687 face
2450 3623 2569 3689 sub
2616 3627 2795 3690 tenui

657 3731 1138 3798 tenebrosus
1182 3737 1542 3797 marceat
1585 3729 1870 3816 ignis.“
1929 3729 2174 3814 Progn.
2222 3729 2383 3792 2073
2430 3730 2667 3812 „orbis
2712 3769 2799 3782 -—

659 3837 1163 3902 Marcescens
1186 3837 1367 3900 tenui
1393 3836 1630 3902 sensim
1658 3833 2072 3920 caligine.“
2104 3835 2269 3901 300:
2302 3835 2580 3918 „radiis
2610 3860 2802 3902 mar-

659 3943 1035 4008 centibus
1081 3943 1278 4008 ardor
1308 3941 1722 4028 Langueat.“
1775 3941 1937 4005 4283
1986 3940 2315 4006 stellarum
2338 3939 2586 4006 lumina
2622 3965 2801 4008 mar-

660 4053 916 4112 cent.“
963 4049 1079 4111 203
1121 4049 1605 4131 „Marcentis
1636 4048 1980 4112 Lunae.“
2018 4047 2178 4111 339:
2202 4045 2446 4108 Phaen.
2474 4045 2622 4110 253.
2648 4045 2798 4110 515.

659 4154 813 4218 482.
830 4152 978 4218 535.
994 4153 1175 4242 651),
1203 4154 1515 4218 Marcian.
1543 4151 1934 4239 Capell.IX.
1953 4151 2107 4216 9143
2133 4159 2576 4214 marcentes
2605 4150 2798 4234 faces,

661 4258 900 4324 deinde
932 4258 1084 4323 Sen
1109 4280 1291 4323 ecae
1324 4257 1538 4322 locum
1569 4259 1768 4322 Herc.
1804 4257 1953 4322 Oet.
1992 4256 2194 4320 1063:
2244 4255 2803 4337 „Moerentem

659 4364 901 4430 feriens
925 4363 1005 4427 ch
1018 4362 1079 4426 el
1092 4367 1245 4450 yn“
1269 4363 1356 4428 ad
1381 4362 1753 4451 exemplum
1778 4362 2127 4428 Claudiani
2152 4362 2231 4427 R.
2256 4362 2441 4427 Pros.
2466 4363 2555 4428 II.
2583 4363 2796 4430 Praef.
