3234 4967
662 362 783 429 146
1559 362 1789 416 Adnot.
1827 362 1922 415 86.

653 570 737 634 tis
784 576 1095 656 exceptos
1150 567 1438 632 tenuisse
1498 576 1565 632 et
1610 574 2002 655 praeceptor
2047 542 2469 631 testis‘studii
2489 567 2634 654 jam
2662 572 2804 629 tum

654 697 786 739 non
855 674 1064 739 coacti
1134 672 1245 762 (cf.
1315 672 1563 739 Auson.
1634 674 1849 739 Protr.
1921 671 2039 737 692
2114 670 2358 759 Eripui
2425 680 2808 737 tenerum

656 780 916 847 blandis
973 780 1339 846 nutricibus
1387 804 1692 847 aevum.
1785 778 1948 845 Mox
1993 802 2232 867 pueros
2278 818 2366 827 ——
2409 776 2685 863 Pellexi,
2733 787 2808 842 ut
2889 832 2892 834 Α

656 890 845 954 mites
890 896 1194 976 peterent
1240 910 1357 976 per
1406 887 1648 954 acerba
1693 886 2046 974 profectus.
2068 890 2108 924 “
2185 886 2349 952 Stat.
2399 884 2558 953 Silv.
2608 884 2692 951 V.
2740 886 2804 967 2,

660 995 774 1061 71:
843 994 965 1059 tibi
1024 993 1281 1059 Pieriae
1342 1002 1630 1059 tenero
1693 992 1813 1059 sub
1875 1002 2226 1080 pectore
2263 993 2563 1058 ‚curae.“
2608 992 2699 1057 II.
2752 992 2810 1075 1,

662 1100 820 1165 108:
870 1098 979 1164 Sic
1022 1107 1265 1165 tener
1310 1138 1399 1149 —-·
1443 1100 1716 1165 Vicerat
1763 1097 2072 1188 aequales
2119 1137 2208 1148 —
2252 1099 2630 1163 Maeonium
2675 1099 2812 1163 sive

659 1206 765 1271 ille
816 1228 1039 1271 senem
1077 1206 1519 1295 Trojaeque
1566 1204 1899 1272 labores
1943 1204 2348 1271 Diceret“
2379 1205 2462 1270 cf.
2497 1202 2809 1293 Calpurn.

657 1311 802 1377 Ecl.
869 1311 1060 1377 VIII.
1138 1311 1208 1377 5:
1287 1334 1670 1402 versuque
1745 1310 1956 1377 bonus
2031 1312 2151 1377 tibi
2220 1312 2387 1377 favit
2452 1309 2692 1399 Apollo
2712 1312 2805 1399 “)·.

660 1418 856 1501 Quali
910 1418 1106 1484 laude
1154 1419 1477 1505 insignem
1526 1418 1840 1485 Serenam
1886 1417 2288 1485 Claudianus
2335 1416 2571 1483 eodem
2615 1402 2812 1499 modo

657 1526 862 1591 refert
951 1525 1027 1590 L.
1100 1524 1330 1591 Seren.
1406 1525 1564 1591 146:
1633 1525 1885 1590 Pierius
1951 1523 2138 1591 labor
2208 1533 2276 1589 et
2333 1534 2633 1589 veterum
2680 1522 2814 1598 ‚tibi

658 1632 1016 1699 carmina
1073 1640 1301 1697 vatum
1362 1631 1639 1697 Ludus
1701 1640 1960 1697 erant:
2024 1653 2186 1719 quos
2255 1630 2538 1717 Smyrna
2607 1628 2812 1713 dedit,

659 1762 821 1827 quos
889 1738 1183 1823 Mantua,
1253 1738 1456 1805 libros
1522 1722 1928 1803 Percurrens
1999 1737 2269 1803 damnas
2324 1732 2650 1803 Helenen
2693 1758 2816 1801 nec

656 1846 872 1935 parcis
916 1843 1221 1910 Elisae.“
1316 1843 1569 1926 Quibus
1627 1846 1722 1909 ita
1783 1844 2100 1932 expositis
2147 1864 2366 1909 nonne
2414 1841 2632 1931 placet
2676 1841 2817 1908 Sta-

661 1954 753 2018 tio
812 1951 975 2016 haec
1033 1950 1258 2018 reddi:
1322 1950 1445 2017 Cui
1498 1972 1736 2016 nomen
1782 1973 1918 2017 vox
1962 1952 2178 2038 prima
2222 1971 2440 2015 meum
2487 1947 2812 2038 ludusque

659 2057 899 2124 tenello
976 2058 1281 2124 Versus
1356 2066 1504 2123 erat
1579 2066 1647 2123 et
1723 2079 1758 2121 e
1836 2065 2062 2123 nostro
2140 2056 2499 2122 veniebant
2574 2054 2819 2141 gaudia

661 2163 995 2229 cultu?“
1068 2164 1211 2229 Nec
1244 2163 1485 2229 desunt
1517 2163 1840 2251 exempla,
1890 2150 2124 2252 quibus
2157 2162 2240 2228 de
2287 2146 2655 2228 litterarum
2687 2160 2819 2227 fide

660 2271 1003 2360 quaerenti
1052 2270 1477 2337 satisfaciam.
1578 2270 1845 2339 Etenim
1891 2271 2064 2334 inter
2111 2291 2178 2334 se
2226 2270 2556 2357 permixta
2597 2265 2819 2333 inveni

659 2399 981 2462 versus,
1012 2399 1239 2462 usus,
1276 2378 1530 2461 risus,
1564 2378 1807 2443 visus.
1888 2373 2055 2441 Gell.
2088 2375 2310 2440 Noctt.
2341 2374 2482 2440 Att.
2513 2374 2672 2439 XX.
2710 2374 2814 2459 10,

662 2485 703 2549 3
734 2506 953 2549 usus.
1033 2482 1253 2551 Guelf.
1288 2506 1601 2550 versus.
1638 2482 1985 2552 Claudian.
2017 2482 2208 2547 Eutr.
2241 2482 2292 2547 Ι.
2328 2482 2458 2547 299
2491 2490 2558 2547 et
2579 2466 2815 2547 Avien.

659 2589 747 2656 D.
782 2588 863 2655 Ο.
889 2590 1014 2655 581
1051 2612 1199 2655 usu
1232 2590 1455 2679 Graio.
1485 2590 1632 2656 cod.
1656 2590 1721 2657 A
1745 2599 1812 2656 et
1834 2591 2072 2655 Venet.
2099 2587 2284 2654 risu.
2312 2585 2447 2653 vid.
2475 2586 2726 2653 adnott.
2753 2610 2818 2669 v.

661 2696 769 2761 46.
848 2694 1125 2779 Quintil.
1156 2696 1343 2763 Decl.
1378 2696 1490 2763 lV.
1524 2696 1565 2761 9
1596 2720 1663 2783 p.
1696 2696 1783 2761 92
1821 2694 2246 2760 blandiuntur
2284 2715 2455 2760 usu.
2495 2692 2684 2781 Leid.
2718 2694 2816 2783 pr.

661 2803 867 2867 visu.
882 2802 1123 2869 Nazar.
1146 2802 1306 2869 Pan.
1337 2800 1752 2868 Constantin.
1783 2803 1890 2883 11,
1914 2800 1988 2866 5:
2021 2800 2327 2867 arborum
2349 2809 2616 2867 truncos
2639 2801 2821 2865 visu

662 2908 1054 2998 trajiciebat.
1128 2906 1345 2975 Guelf.
1418 2930 1585 2973 usu.
1663 2908 1767 2992 14,
1839 2907 1880 2971 2
1941 2906 2240 2973 mortalis
2301 2906 2549 2973 visus.
2608 2904 2820 2971 Rhen.

664 3013 890 3102 Steph.
948 3036 1237 3080 versus
1296 3014 1374 3079 cf.
1440 3014 1547 3098 25,
1601 3016 1635 3078 1
1687 3015 1768 3079 vi
1813 3036 1956 3079 sua
2000 3014 2300 3079 astutior.
2393 3012 2604 3099 Lang.
2650 3033 2818 3077 usu.

666 3118 976 3209 Calpurn.
1012 3119 1159 3185 Ecl.
1205 3118 1254 3184 l.
1288 3118 1375 3185 25
1422 3142 1810 3208 percurrere
1840 3142 2152 3187 versus.
2202 3119 2386 3186 editt.
2413 3120 2526 3209 ap.
2547 3104 2820 3209 'Kemph

665 3250 731 3315 p.
779 3226 907 3291 547
970 3217 1221 3291 visus.
1280 3224 1477 3291 Ovid.
1536 3226 1721 3293 Fast.
1778 3227 1832 3292 I.
1880 3225 2010 3292 438
2072 3227 2298 3292 risus
2345 3235 2508 3293 erat.
2599 3225 2822 3291 Berol.

664 3334 894 3399 visus
917 3333 999 3398 cf.
1014 3332 1224 3406 Drak.
1251 3333 1399 3399 Liv.
1424 3332 1637 3400 XLV.
1663 3334 1770 3418 39,
1801 3332 1904 3400 15.
1927 3357 1994 3421 p.
2036 3332 2186 3399 576.
2225 3315 2708 3422 Prop.111.25,
2751 3334 2822 3397 1:

663 3439 897 3505 Risus
957 3461 1159 3504 eram.
1224 3438 1549 3526 Groning.
1607 3439 1868 3523 Visus.
1927 3437 1983 3503 I.
2041 3440 2147 3524 20,
2195 3440 2282 3505 52
2328 3441 2582 3507 visus.
2629 3438 2822 3505 codd.

665 3545 891 3612 Burm.
952 3569 1018 3634 p.
1086 3545 1212 3611 196
1272 3547 1499 3611 risus.
1561 3567 1859 3611 rursus.
1961 3545 2213 3611 Vocem
2272 3530 2541 3611 cultus
2603 3555 2823 3611 autem

668 3652 886 3743 (cujus
930 3674 1121 3719 usum
1168 3653 1325 3720 satis
1375 3662 1476 3719 est
1522 3652 1906 3719 confirmare
1955 3651 2260 3742 exemplo
2301 3650 2553 3718 Valerii
2599 3649 2822 3717 Flacci

668 3760 754 3827 V.
816 3760 979 3828 358:
1048 3760 1332 3847 virginei
1402 3769 1619 3827 custos
1687 3758 2070 3845 grandaeva
2129 3752 2401 3849 pudoris
2461 3757 2824 3840 Henioche,

652 3866 939 3948 ,cultus
1000 3866 1240 3955 primi
1300 3868 1408 3931 cui
1470 3866 1760 3933 creditus
1809 3868 2014 3933 aevi“
2061 3866 2142 3931 cf.
2234 3864 2460 3931 Manil.
2509 3866 2612 3931 nl.
2664 3863 2823 3943 109:

670 3972 940 4038 cultus
996 3974 1383 4060 contingant
1436 3974 1731 4061 praemia
1778 3981 2024 4061 quanta
2068 3972 2344 4037 Edocet.
2393 3972 2556 4037 Hor.
2606 3968 2825 4036 Oarm.

672 4080 785 4147 lV.
842 4080 906 4163 4,
962 4081 1080 4146 34:
1139 4082 1455 4169 Rectique
1518 4080 1779 4147 cultus
1825 4088 2100 4168 pectora
2149 4079 2490 4146 roborant.
2574 4076 2825 4142 Auson.

676 4186 929 4274 Gryph.
980 4188 1095 4252 70:
1143 4187 1307 4253 Tres
1356 4195 1692 4253 oratorum
1737 4183 2106 4275 cultus“)
2155 4207 2302 4250 cum
2352 4182 2575 4249 vultu
2625 4204 2823 4271 saepe

672 4292 1032 4381 permutari
1052 4296 1094 4331 “
1149 4302 1427 4359 testatus
1488 4303 1590 4359 est
1648 4294 2065 4359 Burmannus
2126 4293 2374 4358 Lucan.
2429 4290 2521 4355 II.
2581 4289 2712 4355 334
2758 4312 2824 4376 p.

677 4400 825 4483 108,
872 4407 1023 4465 ante
1072 4422 1219 4464 eum
1264 4400 1579 4465 Heinsius
1608 4398 1784 4465 Adv.
1831 4399 1956 4464 III.
2007 4400 2046 4463 6
2079 4423 2144 4487 p.
2177 4398 2329 4463 443.
2362 4404 2428 4463 et
2477 4394 2822 4463 Claudian.
