3234 4967
698 432 797 483 236
1521 427 1719 494 Oonje
1733 443 1761 480 e
1774 435 1810 480 t.
1845 427 2023 482 xvn.

695 609 881 652 nomen
904 600 1075 666 potius
1100 593 1327 668 Μαιροῦς
1362 599 1685 649 scribendum
1720 600 1785 650 sit
1818 599 2240 662 referentiumque
2266 600 2331 649 ad
2356 601 2540 666 μαῖραν
2575 597 2835 648 caniculas

685 683 894 750 .sidtus“;
931 685 1057 736 nihil
1094 686 1263 734 attulit
1299 683 1665 734 Tzschirnerus
1702 685 1765 732 de
1802 683 1951 736 Nom.
1988 684 2043 732 in
2079 699 2123 732 ω
2162 684 2467 734 exeuntibus
2502 699 2553 748 p.
2593 685 2622 732 8
2663 679 2836 747 (‚,pro-

694 767 831 818 fecto
869 784 1056 819 nomen
1095 762 1236 835 Αἱρώ
1271 766 1614 833 singulare“l;
1676 769 1970 818 Lobeckius
2023 777 2195 818 autem
2250 782 2358 819 rem
2413 783 2479 816 ex
2516 783 2638 816 cura
2672 767 2839 818 omisit

696 855 959 918 Aglaoph.
996 871 1048 919 p.
1070 855 1168 904 733
1194 868 1270 918 sq.
1339 854 1450 904 Nec
1485 867 1609 902 vero
1648 854 1917 903 obscurum
1955 859 2034 902 est
2068 853 2167 902 hoc
2204 851 2326 902 olim
2361 859 2626 917 peccatum
2663 852 2835 913 fuisse,

693 947 748 988 ut
784 932 944 1008 Αἱρώ
981 938 1282 989 scriberetur
1317 953 1410 1002 pro
1448 932 1641 1006 Λιρώ,
1696 947 1753 986 ut
1805 953 1901 1002 pro
1939 932 2104 1003 Λιρός
2158 940 2411 1004 reperitur
2446 930 2642 1004 Ἀερός
2677 938 2834 988 Kust.

692 1023 914 1088 Hesych.
971 1023 1010 1076 1.
1048 1040 1098 1088 p.
1154 1025 1254 1073 114
1306 1030 1411 1076 not.
1454 1025 1532 1074 15.
1605 1019 1812 1091 ἀερόπη
1864 1039 1958 1087 pro
2012 1019 2238 1089 λειριόπη
2292 1017 2465 1073 Schol.
2518 1020 2763 1076 Nicandr.
2803 1024 2837 1072 l.

691 1107 824 1157 infra
859 1107 1002 1159 affer.
1039 1109 1242 1172 aliaque
1295 1107 1659 1170 ejusdemmodi
1713 1105 1873 1156 multa
1908 1107 2070 1157 Theb.
2107 1107 2293 1157 Parati.
2342 1123 2392 1172 p.
2430 1109 2545 1158 383.
2618 1107 2835 1158 Nomine

693 1187 905 1259 Λειρώ
942 1201 1110 1243 autem
1149 1192 1270 1255 quid
1306 1193 1549 1255 integrius
1587 1192 1671 1252 sit,
1724 1207 1827 1241 non
1864 1192 2093 1252 inveni03
2148 1205 2266 1242 nam
2320 1201 2371 1242 et
2408 1194 2835 1256 comparationem

691 1278 846 1326 habet
882 1293 994 1325 cum
1032 1269 1214 1326 Μιλτὼ
1255 1285 1304 1326 et
1339 1269 1490 1346 Τυρώ
1531 1284 1583 1325 et
1608 1278 1746 1340 quod
1772 1278 1937 1341 ipsum
1975 1292 2043 1337 „a
2068 1272 2240 1326 colore
2266 1277 2503 1326 ductum“
2540 1277 2832 1327 Lobeckius

689 1362 725 1412 l.
755 1363 812 1410 d.
851 1377 900 1426 p.
939 1362 1039 1412 ’134
1075 1363 1261 1421 omisit,
1297 1354 1476 1431 Κρινώ
1511 1362 1679 1426 Heyn.
1718 1362 1962 1426 Apollod.
2000 1360 2142 1425 11.1,
2178 1363 2213 1410 4
2247 1377 2297 1426 p.
2318 1362 2433 1412 272.
2505 1361 2628 1412 Has.
2652 1360 2832 1426 Steph.

686 1445 844 1494 Thes.
860 1446 965 1496 1V.
985 1463 1033 1511 p.
1065 1449 1212 1497 1971.
1256 1447 1306 1496 D
1345 1459 1396 1496 et
1432 1456 1534 1496 tam
1571 1463 1734 1512 prope
1772 1449 1915 1497 abest
1950 1463 1983 1496 a
2017 1442 2270 1513 Λειριόπη,
2310 1461 2461 1509 quam
2498 1447 2565 1496 ab
2601 1439 2833 1506 Εἰδοθέα,

687 1522 959 1598 Ὑψιπύλη,
996 1524 1270 1601 Ἀφροδίτη
1307 1522 1459 1592 Εἰδώ,
1495 1524 1662 1599 ιΥψώ,
1699 1524 1883 1602 Ἀφρώ
1921 1532 2045 1582 Lob.
2086 1532 2121 1582 1.
2144 1533 2192 1586 d.
2232 1533 2346 1582 add.
2364 1531 2535 1597 Etym.
2556 1531 2626 1585 M.
2648 1547 2697 1596 p,
2720 1533 2835 1592 264,

689 1615 734 1667 6.
773 1617 888 1676 505,
925 1617 1004 1669 35.
1061 1618 1174 1676 760,
1229 1619 1298 1667 54
1349 1630 1402 1667 et
1453 1617 1654 1667 Anech
1691 1616 1856 1667 Oxon.
1894 1617 1964 1667 11.
2015 1633 2065 1682 p.
2102 1619 2221 1679 454,
2260 1619 2339 1669 29.
2412 1617 2591 1666 Zonar.
2628 1633 2679 1681 p.
2718 1619 2863 1668 501.-

686 1698 859 1749 Schol.
895 1700 1106 1766 Dionys.
1143 1698 1334 1754 Thrac.
1372 1719 1423 1767 p.
1459 1705 1575 1762 857,
1611 1704 1660 1753 9.
1728 1700 2038 1750 Val.Flacc.
2074 1701 2118 1750 1.
2157 1703 2255 1752 367
2292 1700 2541 1768 (Hypso),
2580 1717 2675 1752 nec
2712 1717 2833 1752 con-

681 1787 911 1847 jecturae
947 1799 1056 1835 non
1092 1785 1406 1850 suffragatur
1442 1784 1853 1852 Theophrastum,
1901 1787 1987 1851 qui
2026 1787 2090 1836 H.
2126 1783 2208 1836 Pl.
2246 1788 2345 1838 111.
2384 1789 2463 1848 16,
2500 1789 2533 1838 6
2568 1784 2835 1855 λειρώὸης

687 1869 819 1918 dixit
878 1869 941 1918 cf.
997 1871 1126 1924 Lob.
1187 1872 1377 1936 Phryn.
1432 1889 1479 1936 p.
1519 1875 1598 1931 80,
1656 1882 1705 1922 et
1754 1872 2086 1936 grammatici,
2143 1873 2323 1936 quibus
2378 1867 2679 1924 auctoribus
2736 1869 2831 1922 λει-

684 1949 997 2023 ’ρόφθαλμος
1034 1953 1078 2005 εἰ
1113 1953 1203 2022 μὲν
1241 1953 1466 2023 σημαίνει
1502 1951 1586 2006 τὸν
1640 1958 1891 2024 προσηνῆ,
1953 1948 2032 2005 διὰ
2084 1956 2174 2022 τῆς
2210 1969 2252 2005 ει
2288 1952 2557 2026 ὃιφθόγγου
2591 1955 2833 2027 γράφεται

686 2037 818 2109 παρὰ
869 2036 927 2090 τὸ
978 2037 1157 2110 λείριον
1212 2038 1238 2090 ὃ
1275 2038 1593 2109 σημαίνοιτο
1630 2037 1783 2097 ἄνθος
1836 2041 2009 2094 Tittm.
2064 2041 2245 2090 Zonar.
2302 2057 2351 2107 p.
2411 2045 2545 2094 1294
2597 2047 2702 2094 not.
2750 2045 2831 2098 92.

685 2126 806 2176 Jam
841 2140 962 2175 vero
983 2126 1246 2175 Parthenii
1265 2126 1538 2190 Ovidiique
1556 2129 1855 2194 interposita
1889 2127 2261 2176 auctoritatein
2287 2127 2495 2178 Schol.
2533 2129 2830 2180 Nicandr.

685 2211 844 2261 Ther.
885 2213 948 2262 15
987 2227 1035 2276 p.
1074 2213 1122 2272 5,
1161 2213 1228 2262 29
1279 2213 1421 2274 loeo,
1477 2225 1627 2280 quem
1680 2213 1751 2262 sic
1806 2212 2073 2275 descripsit
2125 2211 2353 2262 Keilius:
2425 2208 2637 2263 ἐλθόντα
2672 2209 2725 2262 δὲ
2764 2210 2832 2270 sie

684 2289 805 2346 Χίον
842 2293 962 2365 πρὸς
1000 2289 1283 2348 Οἰνοπίωνα
1320 2289 1616 2365 Μερόπην
1654 2323 1718 2334 -—-
1759 2292 2044 2362 βιάσασθαι,
2098 2297 2167 2352 id,
2206 2299 2345 2360 quod
2381 2297 2668 2348 Vaticanus
2706 2300 2833 2348 liber

679 2383 896 2447 praebet
953 2377 1257 2452 ἀλερόπην
1311 2379 1552 2451 (ἀερόπην
1612 2383 1735 2435 Ald.
1777 2376 2029 2450 Ἀερόπην
2086 2383 2327 2433 Schneid.
2385 2381 2449 2432 cf.
2504 2383 2655 2435 Kust.
2711 2383 2745 2433 l.
2784 2384 2830 2437 cl.

681 2467 948 2532 Mythogr.
990 2468 1026 2517 1.
1068 2471 1165 2519 185
1201 2483 1251 2534 p.
1288 2469 1368 2527 56,
1407 2469 1473 2518 20
1514 2467 1777 2530 Liriope.
1815 2467 1886 2519 11.
1926 2469 2025 2517 180
2060 2483 2108 2532 p.
2149 2467 2265 2528 135,
2306 2469 2368 2517 18
2405 2466 2704 2532 Alciope),
2739 2483 2831 2517 nos

681 2537 874 2601 rectius
903 2559 954 2601 et
988 2554 1053 2601 ad
1089 2553 1296 2603 fabulae
1349 2554 1500 2602 fidem
1556 2563 1606 2600 et
1660 2553 1724 2600 ati
1778 2551 2101 2615 conjectandi
2150 2551 2563 2616 probabilitatem
2600 2553 2832 2602 videmur

683 2639 747 2686 ad
784 2637 921 2686 hunc
956 2641 1145 2686 statum
1181 2649 1446 2688 revocare:
1483 2632 1821 2704 Λειριόπην.
1858 2629 1866 2636 ’
1895 2635 2011 2698 Quo
2046 2637 2187 2687 facto
2232 2637 2545 2700 singularem
2582 2637 2708 2686 licet
2740 2638 2829 2686 de-

685 2729 864 2788 tegere
901 2739 962 2772 ac
998 2723 1300 2772 convincere
1336 2736 1570 2782 errorem,
1609 2738 1711 2786 quo
1747 2724 1888 2772 ducti
1923 2737 2101 2772 omnes
2138 2722 2303 2771 adhuc
2340 2723 2555 2771 credunt
2576 2722 2830 2772 dictitant-

679 2821 785 2870 que
818 2807 1133 2872 Oenopioni·
1171 2808 1312 2856 filiae
1345 2808 1590 2872 Meropae
1627 2821 1815 2858 nomen
1850 2808 2076 2858 additum
2114 2807 2291 2859 fuisse.
2362 2807 2546 2872 Neque
2572 2807 2703 2857 enim
2722 2807 2830 2870 jam

680 2891 887 2941 dubium
925 2899 1015 2950 est,
1055 2893 1180 2956 quin
1215 2891 1628 2957 frequentissima
1662 2893 1753 2941 illa
1787 2893 1985 2943 litteras
2020 2885 2091 2942 AI
2128 2904 2177 2942 et
2214 2884 2270 2942 M
2306 2893 2631 2956 permutandi
2670 2899 2825 2942 teme·

672 2978 841 3039 ritate,
879 2990 980 3040 qua
1014 2979 1152 3041 apud
1189 2971 1574 3026 'theodoretum
1611 2975 1703 3030 Gr.
1742 2975 1845 3032 ΑΕ.
1884 2975 2151 3030 Cur.V11.
2189 2994 2237 3041 p.
2276 2979 2375 3028 885
2412 2971 2592 3046 ὃήλεα
2627 2977 2680 3026 iu
2716 2991 2819 3028 uuo

672 3059 846 3111 codice
883 3061 1073 3110 factum
1109 3069 1186 3111 est
1219 3057 1385 3130 ὃῆμα
1422 3070 1474 3110 et
1497 3061 1802 3112 Callimachi
1826 3063 1955 3112 illud
1992 3059 2104 3130 ἥλιε
2140 3066 2287 3134 χαῖρε
2308 3062 2511 3126 (Epigr.
2530 3059 2735 3112 xxm.
2760 3057 2812 3126 1)

669 3149 722 3195 in
757 3147 996 3197 Leidensi
1050 3147 1228 3196 codice
1281 3163 1362 3211 ap.
1399 3146 1588 3197 Valck.
1629 3148 1867 3197 Ammon.
1922 3147 1965 3198 1.
2006 3149 2068 3198 13
2104 3164 2153 3212 p.
2193 3150 2259 3198 58
2306 3144 2599 3216 ἡμεχαιρε.
2671 3146 2814 3195 Bast-

671 3229 826 3294 Greg.
867 3230 982 3282 Gor.
1019 3245 1067 3296 p.
1103 3231 1204 3282 455
1259 3240 1308 3280 et
1361 3230 1553 3284 Comm.
1594 3233 1706 3284 Pal.
1744 3249 1794 3297 p.
1833 3233 1947 3292 723,
2001 3248 2094 3296 pro
2132 3227 2379 3302 Λιριόπη
2418 3223 2648 3299 Μερόπη
2689 3245 2811 3280 con-

668 3317 855 3379 signari
908 3325 1144 3381 coeptum
1198 3317 1276 3366 sit.
1347 3316 1504 3366 Falso
1557 3318 1712 3382 igitur
1765 3317 2020 3381 proditum
2077 3318 2159 3380 aj0
2206 3331 2315 3366 esse
2352 3319 2487 3382 apud
2527 3316 2813 3381 Apollo·

669 3402 889 3450 dorum
943 3401 983 3454 1.
1038 3403 1088 3462 4,
1125 3402 1156 3450 3
1209 3417 1259 3466 p.
1315 3404 1363 3463 7,
1401 3403 1459 3453 82
1532 3397 1697 3451 ἐλθὼν
1750 3399 1818 3457 εἰς
1872 3393 1995 3451 Χίον
2051 3393 2310 3470 Μερόπην
2364 3399 2457 3472 τὴν
2514 3394 2815 3456 Οἰνοπίωνος

668 3481 1044 3553 ἐμνηστεύσατο.
1115 3487 1614 3537 Eratosthenem
1677 3483 1870 3538 catast.
1906 3485 2140 3540 XXXII.
2192 3503 2239 3551 p.
2276 3487 2391 3546 260,
2431 3488 2527 3538 25:
2600 3481 2811 3536 ἐλθόντα

665 3567 719 3620 δὲ
753 3567 904 3621 αὐτὸν
939 3569 1008 3626 εἰς
1043 3564 1164 3621 Χίον
1201 3562 1477 3639 Μερόπην
1513 3570 1606 3641 τὴν
1628 3565 1933 3628 Οἰνοπίωνος
1959 3569 2242 3638 βιάσασθαι.
2298 3571 2567 3621 Theonem
2588 3574 2642 3620 in
2667 3571 2821 3623 Arat-

665 3657 856 3708 Phaen.
877 3658 976 3708 322
998 3674 1045 3722 ρ.
1071 3660 1152 3713 80.
1175 3659 1264 3707 18:
1298 3653 1510 3708 ἐλθόντα
1543 3655 1597 3709 δὲ
1625 3654 1673 3712 ἐς
1693 3649 1813 3706 Χίον
1840 3649 2076 3725 Μερόπην
2114 3649 2351 3724 (Μέρπην
2388 3659 2525 3706 editt.
2552 3647 2815 3726 Μέρτην

663 3745 881 3796 Munck.
915 3745 1049 3811 Hyg,
1087 3759 1136 3809 p.
1171 3745 1300 3808 486)
1352 3741 1444 3812 τὴν
1484 3737 1790 3799 Οἰνοπίωνος
1827 3738 2109 3809 βιάσασθαι,
2183 3743 2449 3809 Hyginum·
2500 3741 2650 3793 Poet.
2688 3745 2827 3797 Astr.

662 3829 734 3880 11.
771 3831 864 3881 34:
939 3831 1124 3880 dicitur
1161 3855 1226 3866 --
1263 3827 1449 3878 Chium
1501 3832 1703 3880 venisse
1759 3841 1813 3879 et
1848 3828 2161 3895 Oenopionis
2206 3831 2360 3879 filiam
2399 3828 2456 3878 M
2478 3843 2724 3898 eropen
2761 3853 2823 3864 —

663 3916 1074 3980 compressisse.“
1145 3911 1322 3966 Schol.
1359 3914 1649 3966 Germanic.
1685 3931 1733 3981 p.
1773 3916 1889 3977 163,
1929 3919 1982 3966 7:
2047 3931 2162 3966 cum
2200 3913 2387 3966 Chium
2421 3911 2644 3964 venisset
2678 3913 2736 3968 M
2758 3928 2825 3962 e-

663 4015 864 4063 ropen
901 3999 1216 4064 Oenopionis
1241 4001 1396 4050 filiam
1421 4001 1733 4066 compressit.
1808 4002 1897 4052 16:
1932 4011 2175 4066 „propter
2200 4009 2429 4064 stuprum
2454 3999 2508 4048 M
2528 4000 2815 4063 eropes.“

661 4085 722 4133 In
761 4085 944 4148 quibus
979 4085 1104 4136 locis
1143 4086 1280 4149 quod
1317 4085 1651 4151 reparandum
1691 4095 1768 4136 est
1800 4099 1991 4137 nomen
2027 4081 2358 4154 Λειριόπη,
2406 4087 2457 4135 id
2494 4099 2649 4148 quum
2688 4085 2812 4138 doc»

659 4171 723 4218 tis
758 4170 1046 4219 hominibus
1082 4172 1318 4221 videatur
1356 4187 1459 4222 non
1499 4183 1678 4222 extare
1717 4173 1812 4221 nisi
1849 4173 1900 4220 in
1938 4173 2213 4221 latinorum
2268 4174 2571 4236 scriptorum
2631 4183 2812 4219 monu-

659 4255 846 4304 mentis
881 4252 1097 4318 (Hessel.
1137 4255 1255 4310 vib.
1282 4255 1402 4322 Seq.
1441 4273 1488 4322 p.
1518 4257 1635 4307 233.
1673 4255 1937 4322 Mythogr.
1973 4257 2028 4308 ll.
2066 4255 2195 4319 dd),
2228 4257 2334 4319 jam
2371 4255 2425 4305 in
2463 4254 2645 4320 Steph.
2678 4255 2817 4304 The-

658 4355 865 4390 sautum
901 4340 1222 4390 referendum
1281 4353 1359 4391 est
1415 4343 1711 4392 auctoribus
1773 4357 1878 4392 non
1921 4344 2147 4392 incertis.
2222 4342 2428 4392 Referre
2464 4343 2615 4391 etiam
2652 4336 2797 4391 Ast·

659 4419 854 4490 ριῶνη
899 4425 1018 4486 jure
1069 4427 1247 4475 videor
1301 4427 1705 4476 commend-abile
1741 4427 2067 4476 similitudine
2121 4430 2379 4477 nominum
2433 4419 2581 4492 Ἰώνη
2631 4425 2809 4476 Noun.
