3234 4967
659 360 760 410 258
869 391 876 400 -
1445 355 1532 406 Co
1547 357 1605 421 nj
1626 372 1651 406 e
1666 372 1692 404 c
1706 369 1736 405 t.
1774 355 1981 407 XVIII.

660 527 926 580 θωνα.
965 529 1079 581 523.
1150 527 1270 580 ΧΠ.
1309 503 1581 579 1‘28.·550.
1652 527 1846 578 Lucan.
1886 527 1979 579 vr.
2018 529 2132 578 399.
2204 525 2409 592 coripp.
2449 527 2530 580 so.
2571 527 2637 576 v,
2676 527 2801 578 579:

661 629 754 662 nec
774 613 932 662 flectit
949 612 1002 662 in
1021 613 1190 662 hostes
1209 610 1364 661 Liber
1384 625 1568 675 equum
1595 613 1888 662 domitor.
1910 611 2006 662 VI.
2028 613 2141 662 341.
2182 609 2284 663 Cic.
2306 611 2407 662 off.
2433 611 2473 660 I.
2503 613 2581 664 26.
2622 612 2801 662 Barth.

659 697 826 747 Theb.
865 698 960 747 VI.
1001 699 1101 748 304
1137 698 1338 760 p.·460.
1413 695 1502 746 Sil.
1539 696 1634 748 IV.
1680 699 1756 746 18.
1829 697 2057 746 Huschk.
2095 697 2210 746 Tib.
2248 696 2346 747 IV.
2387 701 2431 756 1,
2468 691 2569 745 116
2616 713 2664 760 p.
2702 697 2803 746 574

607 840 610 842 .
660 783 780 832 add.
817 781 946 831 Stat.
983 783 1078 831 IX.
1114 767 1236 831 2102
1299 780 1560 830 domitis
1599 788 1839 846 expertus
1877 781 1939 830 ab
1980 779 2219 844 annis“)
2268 788 2317 829 et
2352 781 2601 829 vocabulo
2641 781 2801 830 domi·

661 883 799 926 nne,
859 867 1161 916 dominans
1219 863 1305 928 (ef.
1343 867 1522 915 Amtz.
1561 864 1740 916 Sedul.
1778 865 1879 919 111..
1918 867 2016 915 313
2074 881 2121 930 p.
2164 865 2282 928 174)
2337 865 2543 929 saepius
2590 866 2803 914 cessisse

661 951 881 1000 alterum
934 950 1064 1000 illud
1119 950 1389 1000 domitus
1443 950 1629 998 docent
1682 950 1783 998 loci
1819 949 2073 998 Martialis
2109 949 2203 998 IX.
2244 950 2324 1010 16,
2365 953 2417 998 lx
2490 949 2657 999 Rheni
2712 951 2803 998 do-

662 1036 864 1086 mitor.
935 1035 1108 1085 Berol.
1166 1034 1482 1088 dominato.
1551 1033 1650 1085 VI.
1690 1035 1769 1095 76,
1806 1036 1835 1084 5
1891 1035 2135 1084 domita
2186 1033 2361 1086 Dacus
2398 1035 2612 1083 cervice.
2682 1034 2801 1088 Ald.

663 1121 907 1178 domina.
979 1118 1131 1174 XIII.
1170 1121 1251 1178 96,
1293 1121 1318 1168 1
1369 1126 1456 1168 tuo
1493 1119 1755 1168 domitus
1794 1120 2028 1184 capistro.
2102 1118 2236 1168 Ven.
2290 1119 2478 1169 Merui.
2539 1119 2801 1168 dominus

662 1213 710 1255 et
745 1201 965 1254 Arnobii
1018 1212 1172 1268 atque
1209 1203 1440 1267 Vegetii,
1494 1205 1556 1254 de
1611 1204 1796 1267 quibus
1835 1212 2185 1269 exposuerunt
2222 1202 2459 1254 Heinsius
2518 1203 2656 1253 Adv.
2693 1202 2733 1256 Ι,
2772 1204 2804 1253 6

661 1307 710 1356 p.
753 1292 825 1338 72.
871 1297 921 1338 et
959 1287 1348 1352 Oudendorpius
1402 1288 1548 1340 Mise.
1587 1287 1736 1338 Obss,
1773 1286 1900 1340 VII.
1952 1305 2001 1353 p.
2053 1290 2179 1348 3423
2232 1288 2457 1352 syllabae
2512 1303 2573 1336 re
2634 1295 2802 1337 autem

665 1383 836 1424 notam
895 1373 1106 1437 „millies
1163 1388 1272 1422 esse
1324 1371 1646 1436 ‘neglectam‘¹
1705 1382 1977 1436 postquam
2031 1381 2233 1436 praeter
2306 1374 2431 1424 alios
2491 1374 2801 1422 Arntzenius

661 1467 874 1514 testatus
914 1469 1001 1508 est¹
1028 1457 1158 1510 Plin.
1197 1458 1392 1521 Paneg.
1433 1459 1512 1516 20,
1551 1459 1580 1507 6
1619 1473 1665 1520 p.
1708 1459 1801 1506 101
1842 1457 1901 1506 cs.
1938 1457 2091 1522 Valg.
2130 1475 2177 1522 p,
2214 1459 2304 1517 46,
2359 1447 2493 1506 nunc
2550 1459 2671 1507 satis
2726 1465 2805 1508 est

663 1543 956 1594 confirmare
993 1542 1238 1606 exemplis
1277 1542 1517 1596 Silv.111.
1541 1546 1585 1601 1,
1613 1535 2011 1604 80‘quaerere.
2084 1543 2251 1592 Rebd.
2292 1558 2473 1606 quere
2513 1551 2567 1591 et·
2591 1542 2802 1603 Quintil.

661 1629 813 1678 Deel.
849 1628 891 1677 1.
933 1631 996 1676 10
1033 1642 1082 1691 Ρ.
1119 1629 1210 1677 272
1265 1628 1461 1676 etiamsi
1513 1627 1685 1676 nullae
1737 1627 2017 1676 fallerent
2054 1627 2324 1678 tenebrae.
2395 1627 2537 1676 Witt.
2574 1626 2803 1676 fallent.

665 1717 724 1763 11
765 1730 814 1777 p.
851 1714 925 1762 301
971 1718 1340 1760 consumeret.
1413 1711 1558 1762 Leid.
1615 1727 1716 1764 sec.
1758 1712 1907 1763 Voss,
1965 1720 2277 1762 consumet,
2339 1710 2593 1761 Ammian.
2641 1713 2803 1760 Marc.

661 1797 1009 1856 XXVH.12‚
1051 1799 1127 1848 18.
1200 1794 1373 1844 Vatic
1409 1803 1627 1845 serata
1680 1797 1734 1844 id
1790 1805 1867 1845 est
1918 1805 2215 1844 reserata
2250 1795 2436 1859 Wopk.
2476 1795 2685 1859 Septim.
2738 1797 2802 1844 de

663 1881 724 1932 B.
765 1881 908 1944 Troj.
944 1880 985 1932 Ι
1025 1881 1088 1930 12
1124 1897 1174 1944 p.
1215 1881 1278 1929 14
1313 1880 1462 1929 Misc.
1500 1879 1648 1932 obss.
1687 1880 1729 1929 Ι.
1768 1883 1815 1929 2.
1886 1881 2069 1946 Aurel.
2083 1879 2235 1950 Viet.
2258 1878 2325 1929 V.
2362 1881 2445 1930 Ill.
2485 1882 2565 1940 34,
2607 1883 2665 1929 11
2704 1894 2804 1929 te-

662 1967 841 2019 latum
903 1965 1086 2014 manc.
1145 1966 1358 2017 latum
1425 1964 1701 2018 Claudian
1761 1967 1907 2014 Eutr.
1967 1965 2031 2016 ΙΙ
2072 1945 2199 2014 315.
2272 1965 2591 2018 revoluta.
2662 1964 2803 2013 Vatt.

661 2051 796 2100 Prie.
835 2051 1020 2102 ‘Moret
1059 2066 1158 2099 sec.
1195 2051 1382 2098 velata
1421 2049 1483 2103 cf
1523 2051 1689 2115 Epist.
1729 2049 1853 2100 Crit.
1910 2051 1973 2098 de
2010 2049 2265 2097 Ammian.
2305 2050 2542 2098 Min-,cell
2601 2053 2630 2102 5
2668 2066 2715 2115 Ρ.
2754 2051 2802 2102 9.

800 2135 1044 2185 Desinam
1081 2136 1134 2183 in
1171 2135 1284 2184 loeo
1321 2135 1488 2186 Theb.
1529 2135 1598 2188 11⁴.
1637 2137 1765 2194 492,
1820 2149 1968 2199 quem
2024 2149 2119 2182 nec
2172 2134 2461 2198 Lennepius
2514 2135 2805 2184 Terentian.

661 2237 710 2286 p.
747 2222 846 2270 429
901 2235 994 2268 nec
1051 2219 1354 2268 Corssenius
1417 2221 1478 2269 de
1514 2218 1779 2284 Appellat.
1836 2220 1969 2268 Litt..
2018 2219 2130 2269 Lat.
2170 2219 2234 2268 ΙΙ.
2290 2235 2339 2283 p.
2379 2221 2475 2269 169
2529 2235 2623 2268 nec
2676 2220 2803 2269 Luc.

663 2305 948 2354 Muellerus
986 2306 1050 2354 de
1088 2305 1166 2352 Re
1203 2305 1356 2354 Metr.
1397 2305 1492 2353 VI.
1545 2321 1591 2368 p.
1632 2306 1731 2354 353
1785 2303 1847 2353 cf.
1886 2304 1987 2352 IV.
2042 2319 2093 2368 Ρ.
2131 2305 2229 2354 258
2283 2305 2336 2352 in
2392 2304 2806 2368 disceptationem

663 2389 882 2448 vocavit,
921 2389 1226 2438 Duebnerus
1254 2388 1621 2452 Queckiusque
1655 2403 1791 2436 nunc
1828 2389 2033 2452 quoque
2068 2388 2412 2438 sustinuerunt
2448 2389 2519 2440 sic
2556 2389 2806 2452 prodere:

1037 2513 1272 2579 Apparet
1310 2524 1400 2564 aut
1436 2516 1626 2564 celsum
1665 2515 1855 2564 crebris
1893 2515 2213 2564 arietibus
2258 2515 2397 2564 urbis

1038 2600 1297 2648 Inclinare
1333 2600 1485 2649 latus.

663 2728 755 2776 Ad
789 2743 940 2790 quam
977 2728 1190 2776 eandem
1247 2725 1621 2775 deformitatem
1677 2727 1761 2790 qui
1815 2727 1881 2776 ab
1930 2728 2043 2777 aliis
2082 2729 2331 2777 adductus
2368 2736 2443 2778 est
2480 2725 2805 2792 corippus
2852 2746 2859 2750 ·

665 2813 751 2864 Jo.
789 2811 860 2864 ΙΙ.
897 2812 1024 2862 400:
1077 2811 1211 2868 Non
1248 2812 1456 2859 ariete
1509 2825 1702 2860 cavas
1756 2813 1981 2860 adducto
2018 2828 2254 2876 spargere
2306 2824 2467 2862 turres
2512 2813 2607 2862 Est
2642 2811 2802 2875 opus“

593 2933 596 2936 -
671 2897 932 2962 postulare
968 2897 1183 2956 videtur,
1219 2903 1276 2943 ut
1311 2903 1478 2959 spreta
1513 2897 1602 2944 illa
1638 2897 1835 2945 ratione
1871 2897 2001 2946 Luc.
2041 2897 2277 2945 Muelleri
2318 2914 2366 2961 p.
2404 2899 2530 2948 357:
2602 2899 2805 2946 ariete

662 2983 913 3046 producta
967 2981 1276 3044 paenultima
1337 2983 1564 3048 quamvis
1629 2981 1947 3030 durissimum
2008 2983 2287 3031 inevitabili
2342 2983 2485 3031 metri
2543 2982 2804 3046 mitigatur

664 3066 1001 3116 necessitate“
1056 3076 1208 3126 atque
1261 3065 1359 3112 hac
1411 3074 1520 3114 arte
1557 3055 1975 3116 Mazzuechellii.
2047 3067 2280 3116 Ariete
2317 3083 2441 3116 non
2478 3065 2695 3117 altas“
2739 3092 2801 3100 —

665 3167 779 3200 nam
817 3151 992 3199 omitto
1031 3151 1303 3198 Abbonem
1341 3150 1404 3198 de
1441 3149 1503 3200 B.
1531 3149 1693 3199 Paris.
1733 3150 1773 3198 1.
1812 3151 1937 3202 3572
1977 3153 2271 3202 Arrietes
2311 3151 2564 3201 conflant“
2606 3158 2657 3199 et
2675 3153 2804 3200 427:

661 3235 964 3285 Arrietes
1019 3249 1337 3284 carcamusas
1391 3235 1546 3298 vulgo
1599 3235 1890 3284 resonatos“
1971 3233 2053 3299 (cf
2110 3239 2237 3288 373:
2308 3236 2615 3289 Nitebamur
2669 3237 2804 3284 enim

663 3320 978 3370 arietibus
1031 3320 1359 3384 pessumdare
1421 3317 1653 3382 turrim“)
1710 3327 1761 3367 et
1796 3319 2134 3370 Gualtherum
2169 3322 2324 3371 Alex.
2362 3321 2457 3375 VI
2496 3323 2586 3372 92·
2656 3319 2807 3370 Nunc

663 3407 788 3454 sude
825 3396 1128 3464 suffodiens,
1182 3419 1316 3453 nunc
1351 3403 1542 3466 frangit
1587 3405 1793 3453 ariete
1828 3404 2038 3470 poi-‘tas‘
2093 3413 2245 3468 atque
2278 3406 2575 3455 Ermoldum
2612 3405 2803 3468 Nigell.

662 3489 758 3540 IV.
797 3491 944 3540 2512·
999 3490 1161 3538 Dcinc
1214 3489 1500 3538 mulieris
1555 3503 1713 3537 ovans
1767 3488 1948 3538 infelix
2008 3493 2282 3554 prenderat
2340 3492 2494 3538 arva“
2581 3493 2643 3540 de
2702 3505 2805 3554 quo

661 3577 762 3628 vid.
802 3575 984 3627 Daum,
1023 3576 1086 3622 ad
1127 3573 1431 3622 Columban.
1472 3572 1643 3622 Carm.
1682 3574 1775 3624 IV.
1814 3591 1862 3638 p.
1903 3577 2003 3625 244
2038 3591 2113 3638 sq.
2153 3601 2213 3610 —-
2253 3577 2347 3624 hos
2384 3577 2590 3624 tandem
2628 3577 2804 3624 modu·

660 3661 739 3712 los
775 3670 1069 3724 recuperet:
1123 3659 1275 3710 Num
1333 3661 1534 3708 ariete
1591 3664 1931 3723 quassatas
1976 3661 2198 3708 adducto
2235 3675 2471 3724 spargere
2510 3667 2673 3709 turres
2710 3661 2805 3709 Est

663 3745 859 3808 opust?“
896 3744 974 3806 (ut
1009 3743 1138 3794 Stat.
1179 3744 1343 3794 Theb.
1380 3743 1474 3795 IX.
1513 3744 1637 3794 555:
1694 3745 1871 3794 Turris
1908 3743 1995 3792 ubi
2031 3745 2318 3794 innumeros
2372 3746 2577 3809 penitus
2616 3759 2805 3808 quas-

663 3839 802 3878 sata
837 3845 930 3893 per
967 3827 1171 3894 ictus“).
1242 3829 1370 3878 Nam
1411 3836 1462 3877 et
1495 3823 1783 3893 permisisse
1820 3829 1913 3876 sibi
1952 3827 2203 3892 Corippus
2240 3830 2319 3888 id,
2375 3832 2509 3892 quod
2547 3837 2665 3894 post
2698 3831 2803 3878 En-

668 3915 822 3972 nium,
859 3913 1170 3973 Lucretium,
1197 3909 1467 3963 'Catullum
1505 3915 1537 3961 ii
1577 3914 1672 3962 sibi
1712 3915 2068 3977 permiserunt,
2126 3930 2249 3977 quos
2288 3907 2724 3964 commemorandi
2751 3917 2803 3962 in

660 3997 908 4048 Emendd.
933 4001 1084 4064 Prop.
1107 3999 1172 4048 11.
1195 4001 1225 4049 3
1265 4000 1410 4062 copia
1447 4001 1540 4046 erit
1577 3998 1642 4047 ef.
1674 3998 1893 4051 Froe'nd.
1934 4001 1995 4046 de
2015 3999 2231 4049 Hexam.
2258 3998 2367 4052 Lat.
2407 4015 2455 4063 p.
2480 4000 2578 4050 533
2616 3999 2804 4048 Philo'l.

660 4083 756 4132 XI.
794 4079 1031 4145 Conjeet.
1069 4085 1238 4145 XVI„
1279 4085 1394 4148 jure
1432 4084 1719 4133 censebitur
1757 4084 1842 4131 vel
1878 4092 2089 4148 propter
2126 4085 2258 4132 hunc
2298 4099 2500 4133 versum
2542 4083 2637 4133 111.
2676 4085 2803 4133 3192

662 4168 750 4217 Te
789 4169 1002 4217 Autenti
1038 4183 1218 4218 saevos
1257 4176 1564 4216 mactantem
1603 4169 1801 4217 viderat
1849 4169 2060 4218 hostes“
2114 4167 2286 4231 (quem
2341 4185 2539 4218 versum
2592 4185 2693 4218 non
2730 4171 2805 4218 le-

663 4253 798 4314 gisse
836 4254 1034 4301 videtur
1071 4251 1194 4300 Luc.
1235 4253 1520 4302 Muellerus
1553 4255 1621 4301 ‚de
1657 4254 1735 4302 Re
1770 4253 1916 4306 Metr.
1956 4255 2051 4303 IV.
2088 4272 2137 4318 p.
2178 4257 2298 4317 293)
2336 4262 2387 4303 et
2420 4271 2598 4319 parum
2636 4255 2807 4306 differt

664 4331 798 4400 inter
836 4332 1044 4386 'cavas
1100 4345 1148 4386 et
1203 4325 1470 4401 quassas
1524 4337 1725 4402 (Burm.
1783 4338 1945 4392 ovid(
1986 4341 2111 4391 Met.
2169 4343 2264 4392 ΙΙΙ.
2321 4343 2417 4392 508
2474 4357 2545 4405 Ρ..
2581 4343 2679 4390 215
2736 4339 2803 4390 cf.
