3234 4967
683 202 712 209 ,-

675 405 782 459 284
1505 404 1800 470 Oonject.
1834 404 1985 457 xlx,

677 571 764 628 his
793 576 1154 643 interpretato:
1188 572 1294 627 Per
1328 572 1582 627 Helicona
1613 576 1835 641 intelligi
1869 574 2035 627 voluit
2067 581 2259 642 poeta
2273 592 2297 627 s
2331 573 2485 627 etiam
2520 574 2587 625 ad
2625 571 2819 625 auxilia

677 662 878 712 venisse
915 668 966 711 et
999 669 1367 712 commemorat
1399 660 1581 711 fluvios
1615 662 1783 712 Musis
1828 661 2027 712 dicatos
2064 660 2416 722 Heliconium,
2474 658 2817 720 Permessum,

677 744 948 796 Olmium.“
1023 745 1220 795 Vocem
1255 753 1458 811 poeta
1493 746 1655 806 enim,
1709 758 1839 809 quae
1878 744 2053 796 eadem
2098 747 2154 796 in
2189 744 2503 811 Frisingensi
2536 744 2670 795 libro
2706 746 2819 795 voci

677 832 973 881 alumnos
1033 828 1376 896 superscripta
1433 830 1650 895 legitur,
1710 832 1875 895 liquet
1934 831 2057 881 vitio
2092 837 2263 881 natam
2300 845 2427 882 esse.
2498 830 2709 882 Scilicet
2742 830 2819 880 in-

679 916 938 966 doctiores
975 908 1286 979 grammatici
1325 922 1663 981 suscepernnt
1696 916 2037 980 foveruntque
2076 929 2189 965 eam
2224 916 2463 981 speciem,
2499 915 2553 965 in
2574 930 2724 979 quam
2761 930 2824 965 ea

680 1000 1004 1051 describendi
1039 1000 1262 1061 levitate,
1302 1011 1453 1065 quam
1490 1000 1593 1051 alio
1630 990 1745 1050 foco
1782 996 2079 1051 docebimus
2102 1014 2254 1065 saepe
2272 998 2537 1050 Lactantio
2564 1000 2821 1060 nocuisse,

679 1086 934 1135 detortum
985 1078 1137 1134 facile
1189 1085 1515 1149 agnoscimus
1569 1098 1757 1135 nomen
1810 1084 1874 1134 ab
1926 1086 2037 1149 ipso
2090 1084 2212 1135 olim
2248 1084 2520 1135 Lactantio
2574 1085 2821 1150 positum:

683 1185 806 1237 „per
839 1168 1191 1219 Heliconios
1229 1166 1470 1234 (Scheftl.
1505 1170 1757 1241 eliconas
1808 1168 1873 1220 cf.
1908 1168 2096 1223 Electt.
2133 1168 2277 1220 Lact.
2316 1168 2368 1219 1.-
2397 1170 2463 1219 32
2509 1184 2559 1235 p.
2598 1167 2685 1233 20)
2742 1169 2822 1219 in·

677 1254 844 1319 telligi
889 1254 1027 1304 vult
1083 1252 1354 1318 (Scheftl.)
1415 1254 1825 1320 Thespiadas
1886 1254 2039 1303 etiam
2098 1256 2165 1303 ad
2220 1254 2441 1304 auxilia
2499 1252 2592 1317 (ef.
2628 1252 2820 1319 Wopk.

679 1338 870 1391 Justin.
895 1336 960 1389 11.
1000 1340 1080 1403 12,
1105 1342 1131 1388 1
1170 1354 1222 1406 p.
1243 1338 1332 1404 37)
1369 1338 1829 1397 Thebanorum
1864 1339 2189 1389 convenisse
2216 1336 2535 1404 (Scheftl.)“3
2572 1345 2819 1405 quantum

680 1424 814 1474 enim
863 1424 1080 1474 interest
1131 1423 1264 1474 inter
1315 1424 1460 1473 vult
1511 1431 1741 1489 poetas
1796 1430 1848 1473 et
1882 1422 2325 1489 vultespiatas
2362 1420 2447 1487 (cf.
2485 1423 2641 1475 Voss.
2678 1422 2817 1479 Ricc,

679 1510 814 1561 Plin.
867 1506 932 1560 N.
967 1508 1034 1558 H.
1069 1506 1327 1559 XXXVI.
1367 1510 1414 1568 5,
1449 1510 1484 1558 4
1535 1524 1586 1574 Ρ.
1624 1510 1741 1559 306.
1810 1508 1963 1563 Voss.
2015 1508 2187 1561 Ricc:
2247 1516 2308 1559 te
2322 1509 2549 1574 spiades.
2608 1506 2817 1561 Wessel.

681 1597 878 1647 Auton.
915 1592 980 1647 It.
1019 1610 1070 1659 Ρ.
1108 1594 1268 1657 326)Ῡ
1337 1592 1681 1659 Thespienses
1717 1600 1885 1644 autem
1921 1591 2362 1660 Thespiadas,
2406 1600 2463 1643 ut
2496 1594 2819 1643 Plataearum

579 1680 588 1687 ’
679 1682 841 1731 civem
877 1671 1163 1743 Πλαταΐδην
1197 1676 1358 1729 Mein.
1395 1676 1631 1742 Conject.
1672 1680 1832 1730 Anth.
1872 1676 1961 1729 Gr.
1996 1697 2046 1745 p.
2085 1682 2200 1742 238,
2260 1682 2421 1731 dictos
2474 1679 2631 1729 fuisse
2675 1680 2823 1729 docet

679 1765 954 1829 Antipater
987 1762 1228 1814 Sidonius
1267 1763 1426 1813 Anth.
1462 1762 1612 1814 Plan.
1650 1762 1746 1813 IV.
1774 1764 1888 1824 167,
1908 1765 1939 1813 3
1963 1781 2013 1829 p.
2037 1766 2161 1817 676:
2196 1757 2297 1815 Τὸν
2332 1761 2376 1815 δ’
2414 1760 2485 1815 ἐνὶ
2523 1756 2819 1818 Θεσπιάδαις

677 1845 862 1919 γλυκὺν
890 1841 1115 1916 Ἵμερον,
1179 1847 1262 1898 cui
1320 1854 1512 1899 tantum
1549 1850 1744 1915 tribuo,
1803 1858 1862 1899 ut
1918 1849 2057 1914 apud
2092 1846 2485 1916 Stephanum
2518 1848 2822 1915 Byzantium

678 1952 729 2002 Ρ.
766 1936 883 1996 310,
944 1936 1007 1983 18
1069 1928 1096 1982 ὁ
1121 1928 1354 2000 οπολίτης
1385 1926 1627 1990 Θεσπιεὺς
1676 1930 1763 1983 καὶ
1814 1926 2028 1997 Θεσπιὰς
2082 1926 2399 2001 (Θεσπιακὸς)
2452 1931 2537 1984 καὶ
2590 1926 2823 1989 Oeen-ic

676 2021 958 2070 litterarum
993 2014 1082 2082 αδ,
1139 2033 1273 2084 quae
1304 2018 1610 2085 superscribi
1648 2026 1865 2085 coeptae
1901 2029 2083 2083 essent,
2139 2022 2327 2073 damno
2363 2022 2502 2072 facto
2538 2018 2821 2070 abolevisse

678 2105 898 2156 ’arbitrer
929 2096 1284 2171 Θεσπιάδης.
1356 2104 1470 2155 Nec
1501 2106 1669 2170 ipsum
1708 2103 1925 2155 Statium
1963 2105 2137 2157 omitto
2174 2106 2273 2158 111.
2312 2108 2395 2157 14.
2440 2102 2511 2161 11,
2550 2103 2675 2156 629:
2712 2098 2821 2153 Vos
2883 2126 2891 2133 ·

681 2204 908 2257 quoque,
956 2191 1404 2255 Thespiadae,
1452 2205 1546 2240 eur
1596 2190 1847 2239 infitiatus
1898 2190 2103 2242 honora
2153 2190 2427 2242 Arcuerim
2480 2188 2681 2241 fama?“
2748 2186 2825 2239 Ut

678 2276 814 2328 idem
850 2274 1148 2327 Lactantius
1185 2276 1378 2325 dixerit
1414 2283 1570 2339 atque
1605 2274 1773 2325 Vetus
1810 2270 2107 2327 Scholiasta
2162 2264 2211 2344 p.
2248 2278 2347 2329 697
2392 2292 2491 2340 sq.:
2548 2273 2819 2325 Heliconia

661 2360 852 2427 turba)
887 2362 1101 2413 accolae
1136 2362 1324 2411 montis
1357 2360 1645 2421 Heliconis;
1682 2360 1980 2411 acclamatio
2016 2376 2273 2413 sacrorum
2307 2363 2537 2412 locorum
2573 2360 2639 2410 ob
2675 2357 2821 2408 habi·

677 2447 922 2497 talionem
957 2444 1270 2497 Musarum!
1343 2444 1428 2495 Ac
1481 2446 1636 2495 fldem
1671 2444 1993 2496 manifestam
2044 2446 2168 2496 facit
2202 2447 2386 2497 Avieni
2438 2444 2613 2509 locus,
2673 2454 2825 2507 quem

679 2546 828 2583 nemo
878 2532 1054 2583 adhuc
1107 2530 1258 2581 Statii
1318 2531 1491 2581 versui
1547 2532 1850 2595 explicando
1910 2532 2171 2592 adhibuit,
2228 2530 2378 2580 Arat.
2428 2530 2636 2596 Phaen,
2698 2528 2823 2579 501:

679 2618 1009 2684 Hippocrene
1047 2642 1112 2653 -
1146 2614 1398 2667 Helicone
1433 2617 1624 2665 cadens
1658 2630 1773 2672 sese
1810 2616 2097 2666 sitientibus
2131 2616 2303 2666 herbis
2338 2613 2539 2675 Inserit,
2576 2612 2822 2663 Ascraeas

679 2702 844 2753 donec
879 2716 1010 2767 vaga
1043 2697 1430 2767 gurgite-valles
1450 2699 1707 2751 Vivificet.
1744 2700 1903 2765 Rigat
1924 2703 2023 2751 hac
2048 2697 2240 2750 animas
2278 2706 2341 2749 et
2376 2694 2507 2763 (en)
2530 2693 2823 2762 Thespia

679 2786 885 2853 pubes
921 2784 1135 2852 Semper
1186 2794 1236 2835 et
1267 2786 1324 2836 in
1356 2780 1531 2837 latices
1567 2786 1730 2836 inhiat
1765 2802 1893 2852 gens
1927 2785 2086 2836 fontis
2121 2779 2397 2835 alumui“
2454 2782 2709 2847 (alumna
2758 2780 2823 2831 cf.

680 2872 856 2927 Savar.
893 2870 1070 2925 Sidon.
1107 2868 1338 2938 Apollin.
1382 2870 1590 2925 xxm.
1630 2872 1731 2922 240
1764 2887 1816 2937 p.
1856 2868 1996 2938 189).
2064 2870 2336 2921 Postremo
2390 2882 2496 2919 non
2546 2874 2623 2933 est
2674 2878 2823 2933 prae·

679 2956 1000 3019 urcundum,
1053 2958 1120 3007 ad
1174 2958 1312 3021 quod
1347 2956 1666 3009 inferendum
1702 2957 2005 3008 vocabulum
2058 2956 2141 3005 hic
2175 2956 2290 3020 ipsa
2323 2952 2605 3004 Heliconis
2624 2950 2815 3002 mentio

679 3044 1034 3109 grammaticos
1087 3042 1322 3093 videatur
1370 3042 1608 3093 invitasse
1660 3048 1813 3107 atque
1864 3042 2133 3091 allectasse
2185 3040 2250 3091 ef.
2298 3038 2462 3092 Theb.
2498 3034 2652 3087 vm.
2706 3032 2823 3095 549,

678 3129 824 3179 idem
847 3128 902 3177 in
935 3127 1048 3177 aliis
1081 3125 1210 3177 locis
1243 3142 1337 3193 per
1369 3126 1612 3190 majorem
1648 3128 1908 3191 quandam
1961 3126 2280 3177 librariorum
2332 3123 2663 3187 temeritatem
2699 3134 2818 3186 pro·

679 3214 913 3275 venisse,
965 3220 1024 3262 ut
1073 3200 1210 3278 apud
1245 3210 1486 3263 Ovidium
1521 3210 1679 3263 Trist.
1702 3210 1781 3265 Ὗ.
1820 3211 1902 3273 14,
1936 3212 2031 3262 322
2088 3210 2145 3261 Si
2183 3224 2285 3273 qua
2318 3214 2490 3259 tamen
2540 3206 2689 3274 pretii
2724 3204 2821 3256 sibi

678 3313 878 3350 merces
910 3298 1024 3363 ipsa
1057 3294 1281 3363 petiti“
1316 3296 1372 3346 in
1406 3296 1578 3351 Berol.
1615 3297 1731 3362 ipsa
1764 3304 1990 3361 poeta,
2026 3297 2165 3362 apud
2198 3294 2521 3360 Propertium
2540 3289 2612 3343 11.
2634 3292 2718 3353 25,
2745 3290 2812 3341 24

682 3383 1088 3451 Eurypylida
1143 3381 1198 3432 in
1255 3382 1492 3435 omnibns
1552 3380 1697 3432 libris
1756 3383 1913 3432 dure
1972 3388 2164 3448 poeta
2222 3376 2349 3445 (vid.
2385 3376 2544 3429 Anal.
2588 3374 2825 3443 Propsl.

675 3484 733 3537 .p.
769 3468 844 3534 6),
866 3468 1017 3535 ‚apud
1052 3467 1276 3520 Plinium
1309 3464 1374 3520 N.
1411 3466 1478 3517 H.
1517 3466 1643 3517 vll.
1682 3468 1761 3528 12,
1801 3469 1867 3517 10
1902 3482 1951 3535 Ρ.
1991 3468 2081 3518 171
2138 3464 2323 3516 Nicaei
2380 3462 2563 3514 nobilis
2597 3456 2828 3527 pyctae

683 3552 951 3621 Byzantii“
1009 3554 1064 3605 in
1098 3554 1274 3605 codiee
1308 3552 1487 3605 Dalec.
1525 3558 1780 3617 poetae,
1840 3554 1979 3618 apud
2014 3550 2253 3603 Orosium
2289 3548 2387 3603 VI.
2426 3548 2491 3601 15
2558 3541 2828 3614 Pythici

683 3640 880 3693 oraculi
924 3639 978 3690 in
1011 3641 1162 3693 codd.
1201 3636 1343 3690 (ἔστι.
1380 3636 1574 3688 Lucan.
1594 3637 1681 3689 .V.
1740 3637 1807 3687 69
1864 3652 1915 3701 p.
1954 3638 2054 3691 573
2112 3636 2387 3703 poetici,
2446 3634 2583 3699 quod
2638 3638 2820 3683 contra

681 3726 874 3779 factum
911 3732 990 3777 est
1021 3725 1077 3775 in
1100 3720 1247 3790 Vir-g.
1281 3723 1456 3776 Schol.
1481 3723 1677 3774 Veron.
1713 3740 1764 3788 p.
1802 3722 1919 3785 307,
1956 3718 2535 3777 72'Helvium'0innum
2571 3724 2823 3785 putant.

683 3814 838 3863 Bern.
873 3818 1133 3878 poetam
1167 3811 1232 3862 cf.
1269 3811 1428 3875 Valg.
1481 3824 1533 3875 p.
1569 3807 1667 3861 XI.
1704 3824 1779 3874 sq.
1848 3808 2089 3874 Denique
2125 3808 2459 3859 Ammiano
2501 3804 2665 3859 Marc.
2701 3799 2828 3856 XV.

686 3900 735 3965 2,
775 3902 832 3950 12
889 3907 1038 3963 „post
1093 3896 1434 3947 miserandam
1471 3896 1627 3946 deleti
1664 3892 1800 3945 Caes
1816 3894 1919 3945 aris
1972 3892 2201 3945 eladem“
2260 3891 2420 3957 (Flor.
2456 3888 2579 3943 Vat.
2617 3888 2825 3954 petis·

686 3983 992 4037 arandam.
1063 3982 1195 4047 Reg.
1233 3982 1765 4042 desiderandam,
1818 3981 1958 4045 quod
1992 3980 2287 4030 memoriam
2324 3974 2475 4027 affert
2508 3971 2667 4027 Anth.
2704 3974 2829 4028 Lat.

685 4064 786 4122 111.
824 4068 940 4129 169,
975 4070 1006 4117 2
1043 4068 1308 4121 dissere.
1383 4067 1542 4119 Salm.
1577 4062 1724 4119 Leid.
1762 4065 2096 4127 desidere,
2149 4063 2392 4113 Fanchet.
2426 4060 2824 4127 pestiferam.

683 4152 831 4202 Rom.
865 4152 1036 4218 petis
1073 4152 1426 4202 errandam.
1499 4150 1655 4203 Gron.
1694 4150 2171 4201 exsecrandam.
2208 4146 2384 4198 vales.
2419 4145 2825 4197 horrendam.

684 4237 918 4300 Langen.
955 4235 1209 4287 Emendd.
1244 4236 1501 4289 Ammian.
1544 4254 1603 4304 .Ρ,
1643 4238 1674 4289 5
1728 4242 1786 4287 ut
1817 4250 2099 4302 permagno
2135 4235 2209 4284 ita
2242 4233 2557 4298 inauspicato
2591 4231 2827 4295 inceptet

685 4320 1265 4386 permiserandam)
1301 4323 1615 4373 reddendum
1652 4322 1751 4373 hoc
1786 4323 2015 4372 videtum
2073 4327 2193 4387 post
2224 4319 2439 4385 poetis
2476 4318 2814 4367 disseren-

688 4406 827 4456 dam
865 4432 926 4443 —
964 4408 1216 4469 cladem“,
1271 4416 1332 4457 ut
1387 4410 1522 4473 apud
1557 4408 1906 4473 Lampridium
1966 4412 2041 4457 est
2084 4403 2243 4471 Alex.
2278 4404 2392 4457 Sev,
2430 4406 2523 4457 30:
2592 4400 2813 4453 Adriani
