3234 4967
659 400 758 449 160
1548 391 1832 456 conject.
1869 394 1912 444 1.

654 574 836 633 pareat
870 567 940 632 1p
956 566 1151 631 hkitam
1189 580 1297 614 esse
1332 560 1593 631 Iphidem
1627 563 1735 613 sive
1773 563 1985 629 Iphiad
1998 578 2083 613 em
2119 562 2244 627 (vid.
2283 562 2451 615 Theb..
2483 562 2672 618 Parad.
2702 564 2801 614 111.

654 656 685 705 3
723 669 771 717 p.
812 654 911 703 296
958 668 1031 715 sq.
1070 650 1132 701 cf.
1172 650 1385 703 Schrad.
1432 650 1648 699 Emend.
1685 646 1852 699 Praei.
1891 663 1942 711 p.
1967 646 2208 712 XXIII).
2282 646 2428 709 Quae
2471 655 2638 699 autem
2684 664 2800 713 pars

655 738 1001 802 superscripta
1036 736 1133 785 fuit
1169 750 1228 784 eo
1254 731 1427 795 mode,
1467 749 1569 799 quo
1588 733 1754 783 Theb.
1772 732 1923 785 VIII.
1946 733 2045 783 353
2066 731 2366 783 Proetiade
2391 732 2585 796 (Theb.
2610 731 2800 786 Par-ad.

654 822 688 873 1.
729 824 777 871 d.
814 838 863 886 p.
892 824 1008 881 295,
1045 828 1101 869 ut
1136 820 1230 870 IX.
1274 826 1296 869 1
1336 821 1390 868 in
1423 818 1739 881 Frisingensi
1775 815 2048 866 Aonidas.
2087 818 2186 866 223
2222 815 2623 881 Lapdacidae)
2673 832 2799 869 con-

654 907 915 970 signatum
952 906 1129 969 genuit
1164 905 1501 963 Proetiae,
1546 902 1650 953 XI.
1687 904 1784 953 825
1821 902 1874 951 in
1911 902 2090 949 eodem
2126 901 2438 967 Frisingensi
2474 903 2799 953 intrednm

656 989 1037 1051 (intrevsdum
1086 986 1313 1054 Couject.
1349 987 1530 1051 XIII),
1568 986 1696 1037 Silv.
1735 985 1804 1040 11.
1844 988 1891 1047 2,
1929 986 2026 1035 147
2081 986 2298 1035 visere
2337 983 2614 1051 (inse‘¹⁶re
2669 984 2800 1037 Con·

648 1075 769 1139 ject.
810 1074 929 1139 IX),
966 1076 1099 1139 apud
1136 1073 1402 1130 Lucanum
1428 1072 1498 1122 X.
1527 1073 1629 1121 144
1664 1070 1984 1121 Atlantide
2019 1070 2072 1119 in
2108 1070 2318 1121 Helmst.
2349 1072 2656 1143 Athlande
2695 1069 2800 1137 (cui

658 1161 819 1209 altera
856 1176 1035 1209 manus
1072 1160 1312 1224 imposuit
1348 1158 1595 1222 syllabam
1631 1156 1741 1219 di),
1779 1156 1916 1219 apud
1953 1152 2188 1205 Ovidium
2224 1155 2361 1205 Fast.
2397 1153 2494 1211 IV.
2526 1158 2625 1207 471
2665 1156 2800 1207 Pan-

654 1246 872 1308 tagien
908 1246 960 1293 in
985 1245 1221 1297 Fontein.
1258 1244 1561 1307 pangien‚
1598 1242 1736 1323 apud
1759 1240 2080 1304 Propertium
2108 1238 2400 1291 Cadmidi
2436 1242 2574 1291 istud
2601 1239 2800 1291 Cadmi

656 1327 891 1391 (Emend.
930 1327 971 1377 1.
991 1326 1067 1391 4),
1105 1329 1241 1393 apud
1261 1326 1484 1378 Martial.
1510 1326 1662 1377 XIV.
1686 1327 1800 1377 164.
1825 1327 1848 1373 l
1890 1323 2216 1389 Splendida
2250 1327 2470 1376 inVoss.
2492 1324 2800 1391 Splenda,

656 1413 757 1463 alia
782 1414 957 1473 multa,
982 1428 1092 1462 eam
1114 1420 1309 1477 partem
1334 1414 1388 1461 in
1409 1412 1631 1461 alienum
1655 1412 1826 1459 locum
1855 1424 1917 1458 ea
1947 1409 2180 1471 levitate,
2205 1426 2308 1474 qua
2325 1411 2512 1461 alicubi
2538 1426 2801 1476 persua·

654 1500 817 1547 dent
852 1499 1049 1548 exstitit
1081 1514 1175 1563 pro
1222 1498 1650 1562 superardent
1691 1493 1935 1559 (Emend.
1973 1494 2130 1559 Prop.
2180 1494 2332 1545 VIII.
2372 1494 2444 1559 1),
2498 1496 2800 1545 chilicar-

655 1583 875 1633 locide
928 1600 1021 1647 pro
1068 1582 1485 1631 dilichiotide
1537 1581 1590 1629 id
1645 1588 1724 1629 est
1759 1579 2208 1629 Dulichiotidc
2247 1578 2369 1643 (IV.
2405 1578 2492 1645 4),
2543 1581 2597 1629 in
2634 1580 2802 1631 Fastis

657 1665 805 1717 Ovid.
842 1667 881 1720 1.
924 1669 1024 1719 630
1060 1674 1467 1717 exceromata
1517 1666 1570 1713 in
1604 1665 1863 1715 Vossiauo
1918 1662 1996 1728 (id
2043 1665 2180 1727 quod
2223 1680 2326 1715 non
2373 1666 2632 1730 perspexit
2671 1666 2801 1715 Bur-

656 1768 869 1803 mannus
905 1768 953 1816 p.
995 1750 1083 1814 63)
1122 1765 1215 1816 pro
1254 1758 1662 1800 exmaeerata
1697 1749 1760 1799 ef.
1798 1748 1910 1799 Liv.
1947 1748 2126 1799 XXII.
2155 1752 2200 1809 1,
2241 1751 2328 1799 1οε
2368 1765 2634 1815 „sparsum
2671 1766 2796 1801 ma-

654 1838 832 1889 culis.
904 1837 1093 1889 Hearu.
1132 1836 1425 1885 lacrimis
1465 1835 1790 1896 „litterarum
1835 1833 2226 1898 transpositione
2271 1841 2321 1883 et
2361 1835 2534 1885 littera
2577 1845 2614 1890 u
2655 1837 2710 1887 in
2745 1830 2796 1891 ri

654 1920 939 1971 dissoluta“
976 1922 1135 1970 Drak.
1173 1934 1225 1986 p.
1256 1923 1333 1981 17,
1372 1935 1434 1971 eo
1470 1919 1672 1971 facilius
1707 1920 2004 1969 translatam
2045 1933 2184 1979 esse,
2233 1922 2372 1983 quod
2422 1935 2554 1984 quae
2590 1922 2644 1971 iu
2679 1937 2800 1986 pro·

661 2007 803 2055 xime
841 2006 1105 2071 superiore
1140 2005 1253 2055 loco
1291 2013 1609 2069 compareret
1645 2004 1845 2069 syllaba
1882 2006 1929 2053 ti
1968 2002 2176 2069 (quanti
2212 2003 2470 2070 iphi-),
2525 2007 2638 2070 ipsa
2685 2021 2799 2057 cum

653 2092 873 2141 maxime
926 2092 989 2139 ad
1050 2090 1185 2139 hanc
1238 2090 1605 2139 correctionem
1660 2088 1968 2139 faciendam:
2025 2099 2324 2155 „quantam
2363 2118 2426 2127 —
2463 2088 2800 2141 Maeuada⁴⁴

656 2176 918 2225 allectaret
952 2184 1105 2240 atque
1141 2176 1271 2225 adeo
1308 2175 1511 2227 nomine
1546 2175 1745 2239 Iphidis
1783 2176 1941 2225 semel
1979 2175 2162 2227 affecto
2201 2183 2254 2225 et
2276 2176 2548 2227 obscurato
2572 2186 2802 2239 cogeret,

652 2262 765 2325 quis
804 2269 881 2310 est
916 2261 1039 2325 quin
1087 2260 1338 2309 concedat
1390 2259 1636 2324 malit-que
1679 2260 1812 2309 hanc
1867 2261 2112 2311 rationem
2165 2262 2414 2325 ingressis
2469 2261 2800 2323 subscribere,

654 2362 803 2411 quam
840 2346 883 2394 si
914 2345 1027 2408 jam
1065 2360 1353 2411 pugnemus
1390 2344 1490 2395 hoc
1526 2346 1803 2409 antiquitus
1855 2346 2112 2410 proditum
2165 2343 2346 2397 fuisse:
2401 2343 2510 2408 „Et
2545 2355 2800 2412 quantam

656 2432 884 2495 Argivi
919 2430 1153 2481 feceruut
1188 2430 1446 2484 Maenade,
1482 2429 1794 2495 planctus?“

789 2515 934 2580 Ergo
972 2531 1067 2580 pro
1106 2516 1375 2581 explorato
1411 2516 1574 2565 habeo
1612 2515 1748 2563 hunc
1793 2514 1948 2566 fuisse
1996 2515 2265 2581 pristinum
2320 2518 2525 2567 illorum
2563 2533 2802 2568 versuum

652 2604 869 2651 statum:

960 2694 1155 2754 Questa
1194 2703 1271 2745 est
1306 2708 1359 2743 se
1394 2692 1584 2755 Pelias,
1624 2700 1801 2757 questa
1839 2701 1914 2745 est
1951 2692 2253 2759 (Meliboea)
2292 2698 2510 2761 relinqui

950 2762 1035 2818 ⁴Et
1072 2763 1298 2825 quanti
1336 2762 1672 2827 Iphiadem
1707 2762 1939 2813 fecerunt
1974 2763 2230 2813 Maenade
2265 2765 2527 2829 planctus!

604 2840 611 2861 ¹
652 2831 748 2904 Cui
798 2856 1011 2905 orationi
1056 2856 1243 2905 similes
1288 2862 1407 2903 sunt
1452 2856 1708 2919 Propertii
1753 2856 1854 2905 loci
1893 2855 1990 2909 ΙΙΙ,
2031 2859 2114 2920 11,
2153 2861 2210 2907 l:
2265 2859 2409 2907 Haec
2453 2860 2604 2908 etiam
2649 2860 2800 2909 vittas
2843 2902 2852 2909 .

653 2949 953 3006 expugnant
997 2956 1137 2989 arma
1181 2938 1395 3004 pudicas
1434 2938 1760 3004 Quamque
1809 2948 1978 2991 terunt
2011 2940 2202 2992 fastus“
2245 2940 2489 3006 (Emend.
2527 2945 2624 2995 IV.
2661 2946 2716 3009 4)
2755 2953 2805 2995 et

651 3026 720 3079 II.
761 3027 850 3085 25,
898 3026 990 3075 93:
1054 3025 1199 3073 Haec
1244 3050 1308 3060 —
1358 3022 1593 3075 confossa
1638 3032 1714 3073 est
1758 3026 1950 3091 pagina
1997 3025 2143 3076 Calvi
2187 3027 2256 3077 Et
2302 3030 2456 3079 modo
2501 3056 2565 3065 —
2622 3044 2802 3093 quam

650 3111 850 3159 multa
891 3136 950 3145 -
990 3110 1171 3161 Gallus
1209 3136 1271 3145 —-
1309 3108 1511 3159 inserna
1546 3109 1756 3159 vulne-ra
1781 3110 1909 3159 lavit
1943 3112 2110 3174 aqua“
2149 3119 2216 3181 et,
2260 3127 2326 3161 nc
2361 3114 2532 3178 plures
2578 3114 2800 3177 afferam,

652 3194 860 3259 Corippi
896 3196 976 3246 J0.
1006 3194 1049 3242 Ι.
1076 3197 1201 3245 562:
1240 3194 1457 3255 „multos
1493 3210 1608 3243 nam
1647 3208 1798 3259 saepe
1838 3196 2393 3260 revisit‘thuanti
2433 3214 2497 3249 ex
2533 3200 2654 3264 ipsis
2689 3202 2802 3265 pal-

651 3295 779 3327 mam
819 3295 1078 3343 sumpsere
1116 3280 1367 3342 periclis.“
1426 3279 1562 3328 Illud
1600 3280 1800 3343 quidem
1826 3282 2166 3331 certissimum
2193 3290 2270 3331 est
2293 3299 2396 3332 non
2420 3285 2608 3335 leviter
2634 3302 2801 3335 errare

651 3364 937 3423 Queckium
972 3380 1021 3429 p.
1057 3364 1192 3413 XXI
1234 3375 1389 3426 atque
1412 3364 1683 3414 Imhofium
1723 3366 1847 3417 Silv.
1888 3365 2102 3417 Condic.
2141 3366 2262 3417 crit.
2302 3384 2351 3431 p.
2378 3370 2442 3419 33
2493 3377 2544 3419 et
2577 3372 2689 3420 Ecl.
2735 3374 2802 3421 ad

650 3448 813 3497 Uxor.
853 3464 901 3511 p.
940 3451 1006 3499 20
1041 3449 1341 3498 sententiam
1377 3449 1515 3499 illius
1553 3450 1654 3499 loci
1677 3450 1770 3499 'his
1808 3452 1970 3501 verbis
2010 3452 2398 3516 interpretatos:
2457 3455 2711 3519 „Aegiale
2749 3465 2802 3505 et

653 3528 917 3583 Meliboea
953 3528 1158 3583 discidii
1197 3534 1504 3583 desiderium
1540 3534 1670 3584 ferre
1707 3551 1812 3585 nou
1848 3544 2128 3600 potuerunt
2164 3545 2214 3586 et
2251 3552 2606 3605 quamcunque
2647 3540 2798 3589 aliam

650 3633 821 3669 amore
858 3620 1118 3668 ardentem
1156 3620 1296 3668 saevi
1336 3619 1577 3683 planctus
1611 3619 1924 3682 inb-furorem
1963 3622 2264 3672 dederunt.“
2338 3622 2483 3685 Quae
2519 3624 2674 3673 verba
2712 3626 2797 3687 qui

647 3703 842 3766 primus
890 3703 1107 3767 protulit
1150 3704 1461 3755 Duebnerus
1508 3722 1557 3769 p.
1596 3708 1713 3767 270,
1761 3705 1894 3754 idem
1931 3706 2009 3755 his
2059 3706 2366 3758 confutavit:
2423 3708 2606 3770 „nimis
2659 3708 2801 3759 fluxa

650 3788 774 3836 haec
816 3795 867 3836 et
900 3788 1007 3837 sine
1044 3789 1267 3839 colore.“
1329 3790 1477 3839 Licet
1511 3805 1619 3839 rem
1656 3791 1946 3839 accuratius
1981 3792 2205 3845 definire.
2272 3792 2346 3843 Ut
2381 3794 2511 3842 enim
2549 3795 2798 3843 conceda·

644 3880 740 3935 tur,
780 3874 916 3935 quod
954 3874 1158 3923 minime
1187 3875 1571 3923 concedendum
1598 3882 1680 3925 est
1713 3872 2006 3935 „Statianae
2040 3878 2210 3941 poesis
2234 3892 2396 3941 genus
2420 3878 2633 3929 formam
2657 3879 2798 3929 illam

644 3972 1023 4021 quamquam
1062 3973 1165 4007 non
1202 3959 1492 4019 fastidire,“
1546 3960 1841 4023 longissime
1876 3959 1942 4009 ab
1979 3961 2236 4023 elegantia
2283 3963 2410 4011 tanti
2463 3970 2654 4027 poetae
2707 3964 2796 4012 ab·

643 4040 817 4091 horret
854 4044 1140 4094 nominibus
1176 4044 1469 4109 Penelopae
1511 4044 1583 4108 (ν.
1621 4043 1716 4109 47)
1752 4044 2129 4109 Alcestidisque
2166 4049 2222 4094 et
2261 4044 2346 4109 (ut
2389 4046 2527 4097 infra
2571 4044 2797 4111 dicetur)

644 4126 956 4175 Laodamiae
994 4128 1265 4190 subjuncta
1308 4130 1493 4178 mentio
1529 4129 1869 4180 Maenadis
1913 4130 2287 4193 cujuslibet.
2360 4130 2525 4191 Quam
2561 4131 2794 4182 foedissi-

645 4226 776 4259 mam
816 4223 930 4259 esse
977 4228 1140 4261 rerum
1197 4214 1612 4277 consequentiam
1672 4215 1975 4279 intelligitur
2029 4217 2417 4280 comparatione
2473 4217 2706 4267 locorum
2741 4217 2794 4267 in

645 4295 824 4345 Sinide
862 4296 895 4350 l.
933 4297 981 4345 d.
1018 4312 1068 4361 p.
1111 4298 1208 4346 142
1244 4298 1299 4346 in
1333 4299 1553 4349 medium
1591 4300 1878 4351 allatorum.
1952 4298 2058 4351 Nec
2095 4317 2250 4369 quum
2286 4309 2407 4367 apte
2458 4302 2794 4366 distincteque

641 4380 743 4431 hoc
780 4380 1002 4432 dicatur:
1040 4380 1333 4445 „Questa
1369 4391 1450 4435 est
1484 4384 1656 4436 Pelias
1693 4400 1753 4437 ac
1790 4386 2012 4437 maximo
2049 4387 2261 4455 planctu
2287 4386 2501 4439 Euadne
2531 4389 2794 4441 Maenas
