3234 4967
1310 397 1692 454 Annonam
2481 397 2565 464 53

419 605 546 672 457
581 605 794 672 Merk.
829 606 1192 672 laeteris..
1271 605 1520 670 Vocem
1563 602 2059 670 illaetabilis
2101 612 2338 688 autem,
2369 629 2563 695 quam

418 713 816 800 aptissimam
873 711 1024 778 huic
1079 711 1222 778 loeo
1282 709 1395 798 (ut
1451 710 1534 774 V.
1584 711 1647 793 3,
1702 710 1733 774 1
1798 708 2331 778 lamentabile
2391 734 2589 792 car·-

417 817 654 906 men)
691 828 757 890 et
825 828 1134 906 peracute
1209 818 1489 908 positam
1568 838 1711 880 esse
1784 825 2067 902 arguunt
2122 818 2269 905 ipsa
2330 818 2565 886 verba-z

401 924 852 1012 juvat-hen
887 927 1124 1014 juvat
1171 933 1236 988 et
1282 922 1608 988 sententia
1654 943 1884 988 versus
1932 946 1994 988 v.
2037 923 2143 1006 39,
2178 924 2306 1011 ipsi
2352 924 2563 992 Statio

413 1040 745 1118 receptam
790 1040 1204 1112 contestatur,
1238 1027 1551 1096 Barthius
1598 1027 1805 1094 Theb.
1836 1027 1967 1093 III.
2005 1027 2131 1095 706
2178 1052 2245 1116 Ρ.
2292 1029 2425 1094 864
2468 1053 2563 1118 sq.

415 1145 480 1201 et
527 1137 608 1204 V.
658 1138 788 1206 633
835 1161 899 1226 Ρ.
946 1137 1076 1204 ,296
1126 1161 1242 1226 sq„
1293 1162 1332 1202 a
1378 1161 1506 1228 quo
1553 1159 1723 1225 quae
1774 1144 2164 1225 exprompta
2210 1145 2361 1204 sunt
2408 1137 2565 1202 satis

417 1251 516 1307 est
561 1242 958 1331 amplificare
1004 1242 1164 1310 locis
1210 1243 1474 1330 Virgilii
1520 1243 1686 1308 Aen.
1719 1241 1845 1307 III.
1883 1241 2037 1309 7082
2085 1264 2191 1308 me
2220 1281 2309 1292 —-
2336 1241 2567 1308 illae·

413 1347 698 1419 tabilisi
747 1371 863 1416 ora
892 1348 1173 1438 Accipit.
1263 1349 1392 1416 Hic
1425 1387 1512 1400 --
1545 1347 1676 1414 heu
1722 1347 2087 1434 genitorem
2134 1387 2223 1397 —-
2268 1346 2566 1414 Amitto“

417 1465 484 1520 et
524 1455 814 1522 Senecae
859 1457 1024 1522 Tro..’
1047 1456 1207 1522 861:
1257 1456 1653 1543 Quicunque
1696 1453 1937 1541 hymen
1980 1454 2299 1537 funestus,
2334 1453 2565 1521 illae—

415 1559 712 1627 tabilis
767 1562 1116 1644 Lamenta,
1175 1561 1442 1643 caedes,
1505 1560 1921 1646 sanguinem,
1982 1560 2264 1646 gemitus
2322 1559 2566 1628 habet“

417 1668 498 1732 cf.
565 1665 760 1735 Ovid.
822 1668 981 1734 Met.
1028 1666 1153 1734 IX.
1203 1667 1378 1734 255:
1441 1667 1823 1756 cunctisque
1884 1687 2101 1732 meum
2160 1665 2565 1734 laetabile

309 1801 322 1811 ·
416 1775 672 1840 factum·
697 1774 820 1840 Dis
851 1775 990 1844 fore
1025 1775 1327 1840 confido“
1361 1783 1558 1863 atque
1594 1795 1821 1838 eorum
1852 1774 2363 1861 comparatione,
2398 1795 2566 1864 quae

427 1880 507 1948 de
555 1879 968 1967 hoengenere
1015 1881 1178 1946 scite
1239 1889 1305 1946 et
1359 1870 1823 1969 praeterquam
1872 1877 2049 1968 quod
2098 1880 2331 1945 omisso
2380 1879 2570 1948 Olau-

425 1985 620 2052 diano
691 1986 839 2052 Rus.
896 1981 988 2050 ΙΙ.
1035 1987 1193 2054 467:
1265 1987 1554 2074 Cocytos
1599 1984 2143 2074 Phlegethonque
2211 2010 2325 2052 ——x
2396 1988 2569 2052 ina-

419 2115 536 2158 mo
555 2115 772 2158 enus.
800 2101 1076 2180 uterque
1108 2091 1402 2160 Alveus“
1425 2092 1627 2181 -plene
1670 2092 2029 2182 explicavit
2058 2091 2369 2176 Heinsius
2399 2089 2568 2158 Aen.

421 2197 541 2262 VI.
583 2198 717 2264 438
769 2222 834 2286 p.
886 2199 990 2262 72.

595 2305 914 2370 Proxima
971 2303 1180 2371 verba
1235 2329 1436 2394 quum
1496 2315 1746 2372 certam
1808 2305 2114 2372 dederint
2157 2305 2572 2394 conjectandi

417 2412 686 2499 copiam.
719 2409 996 2480 Barthio
1040 2409 1216 2478 Adv.
1249 2411 1437 2478 XIV.
1474 2413 1512 2477 7
1558 2435 1625 2500 p.
1663 2413 1790 2478 776
1832 2421 1899 2479 et
1929 2411 2280 2478 Animadv.
2311 2435 2377 2500 p.
2410 2411 2569 2478 504:

417 2514 980 2601 „illaudabile
1015 2527 1099 2616 ‘et
1129 2517 1482 2584 laudare
1529 2542 1665 2585 non
1712 2519 1957 2608 optime
2004 2519 2203 2584 etiam
2249 2526 2435 2584 tanta
2480 2518 2571 2583 vi-

419 2624 592 2690 cinia
666 2632 1035 2710 congruunt
1118 2647 1284 2711 puro
1363 2626 1667 2692 sermoni.
1790 2624 2176 2711 Legendum
2244 2624 2569 2692 fortassis-2

418 2731 727 2798 miserum
772 2728 1144 2797 lacerare
1195 2729 1488 2797 dolorem
1519 2771 1606 2780 —-
1636 2730 1708 2796 id
1755 2740 1854 2796 est
1900 2732 2045 2819 ipsa
2077 2728 2335 2797 doloris
2369 2731 2572 2798 verba

417 2837 674 2902 miseris
718 2836 930 2905 modis
962 2834 1301 2902 lacerare“
1301 2837 1719 2922 ‚Scriverio‚
1755 2861 1793 2903 a
1826 2859 1955 2926 quo
1989 2839 2395 2926 propositum
2426 2859 2571 2904 esse

417 2952 758 3010 cantare
823 2942 1117 3010 dolorem
1171 2944 1375 3008 refert
1425 2943 1801 3010 Gronovius
1844 2943 2061 3009 Diatr.
2108 2966 2173 3032 Ρ.
2222 2942 2353 3008 512
2413 2953 2569 3022 not„

420 3049 694 3116 Heinsio
740 3048 1008 3116 Adv.1.
1059 3049 1120 3114 d.
1169 3073 1234 3138 p.
1283 3049 1446 3124 894:
1512 3049 2061 3133 „il-laudabile
2124 3071 2447 3116 carmen
2496 3060 2571 3116 et

421 3155 764 3225 laudare
811 3179 948 3221 non
990 3165 1168 3222 recte
1218 3167 1653 3222 concurrunt:
1703 3155 1915 3222 scribe
1960 3155 2068 3222 vel
2112 3156 2335 3222 invitis
2379 3178 2572 3222 mem·
2618 3166 2629 3172 ”

421 3259 643 3328 branis
689 3263 994 3329 satiare
1039 3261 1334 3330 dolorem
1375 3263 1484 3328 vel
1541 3265 1973 3330 saturare“
2021 3261 2159 3349 (cui
2196 3262 2571 3330 satiusfuit

421 3366 527 3432 vel
573 3367 700 3434 hoc
744 3379 1088 3457 reparare:
1128 3379 1487 3438 tractare
1532 3369 1842 3451 dolorem,
1884 3365 1959 3432 ut
2000 3368 2153 3435 Seu.
2187 3369 2341 3435 Tr0.
2381 3368 2571 3434 1066.

424 3484 553 3543 est:
595 3473 839 3558 gaudet
885 3497 1162 3562 magnus
1209 3497 1641 3542 aerumnas
1690 3474 1877 3541 dolor
1923 3475 2310 3541 Tractare
2358 3479 2574 3540 totas“

427 3582 508 3646 cf.
557 3581 785 3648 Heins.
833 3581 1179 3649 Claud-ian.
1230 3581 1346 3647 VI.
1397 3581 1595 3650 Cons.
1644 3581 1819 3648 Hon.
1866 3581 1995 3646 397
2059 3603 2125 3668 Ρ.
2172 3580 2327 3646 496.
2376 3579 2573 3647 Ovid.

427 3687 575 3754 Art.
610 3686 758 3754 Am.
790 3688 847 3754 Ι.
884 3689 1008 3754 741
1058 3687 1415 3754 laudare.
1499 3688 1731 3753 Patav.
1754 3688 2095 3776 jactare.
2167 3685 2332 3752 Stat.
2366 3685 2573 3753 Theb.

422 3793 560 3861 IX..
603 3795 732 3860 796
767 3795 1255 3883 jactavimus.
1321 3793 1561 3861 :Bm-th.
1596 3793 1742 3859 cod.
1770 3792 2303 3858 tractavimus.
2349 3792 2574 3858 Burm.

425 3900 794 3968 Nemesian.
843 3898 988 3966 Ecl.
1034 3900 1089 3966 I.
1142 3901 1223 3966 78
1253 3925 1334 3988 ep.
1369 3901 1520 3967 469.
1569 3900 1888 3966 Buenem.
1934 3897 2237 3964 Lactant.
2283 3897 2338 3963 I.
2390 3897 2493 3980 15,
2534 3900 2576 3964 2

425 4031 487 4094 Ρ.
535 4006 622 4073 93
670 4005 792 4072 vel·
823 4006 978 4074 hoc:
1024 4005 1338 4074 lactare
1387 4005 1701 4090 dolorem,
1734 3993 2142 4092 ’ποιμαίνειν
2189 3996 2311 4094 τὴν
2356 3995 2577 4094 λύπην

424 4111 662 4179 Valck.
709 4112 988 4180 Theocr.
1034 4113 1150 4180 Xl.
1189 4113 1270 4178 78
1318 4136 1384 4201 Ρ.
1437 4112 1562 4179 145
1611 4121 1679 4179 et
1723 4113 1885 4180 Eur.
1917 4113 2120 4204 Hipp.
2158 4113 2276 4180 151
2306 4129 2392 4204 p.
2428 4113 2577 4180 182.

429 4213 800 4284 Hem'sterh.
851 4217 1102 4284 Anecd.
1150 4243 1215 4308 p.
1269 4219 1390 4286 158
1440 4242 1534 4307 sq.
1628 4219 1872 4288 Goens.
1903 4220 2225 4309 Porphyr.
2260 4220 2341 4286 de
2384 4218 2577 4287 Amr.

433 4321 719 4412 Nymph.
766 4346 830 4411 p.
885 4326 1031 4390 119.
1103 4324 1446 4413 Wyttenb.
1495 4324 1640 4392 Ecl.
1688 4327 1861 4394 Hist.
1907 4351 1972 4418 p.
2006 4327 2153 4394 -380
2200 4350 2293 4414 sq.
2338 4324 2577 4394 Blomf.

429 4428 666 4494 Aesch.
732 4430 862 4516 Ag.
921 4430 1050 4495 652
1108 4454 1171 4518 Ρ.
1221 4432 1351 4498 243
1412 4455 1504 4520 sq.
1565 4433 1648 4498 cf.
1705 4433 1933 4499 Heins.
1992 4432 2188 4499 ovid.
2248 4431 2406 4497 Met.
2454 4429 2579 4496 XI.
