3234 4967
15 2822 23 3063 ——--—-———-

1197 455 1207 469 x
1312 394 1708 461 Conject.X.
1793 374 1798 385 ⁴
2477 393 2572 443 197

894 587 999 637 Seu
1035 586 1351 637 Pollentinos
1387 585 1682 635 mersissent
1715 582 1919 633 flumina
1955 582 2112 633 saltus

894 672 998 722 Seu
1034 670 1274 720 Lucanus
1310 686 1445 735 ager,

446 774 595 823 qnam
643 759 693 807 in
732 758 977 823 depositis
1012 772 1045 806 a
1078 756 1383 806 Marklando
1420 754 1587 809 Praef.
1625 772 1673 821 p.
1711 755 1890 805 XVII.
1935 742 2160 804 habitam
2203 754 2347 804 nulla
2383 768 2576 803 correc-

447 844 585 893 tione
622 840 818 905 adjuvit
850 842 1151 893 Duebnerus
1188 858 1235 906 p.
1277 842 1376 891 260
1414 848 1556 890 ratus
1606 841 1690 903 „in
1727 848 1990 904 zeugmate
2037 842 2305 889 statuendo
2352 839 2577 902 acquies-

447 930 680 989 cendum,
725 929 845 992 quia
868 924 983 977 Ursi
1022 928 1073 976 in
1109 927 1209 977 illis
1247 926 1533 989 regionibns
1558 927 1904 991 possessiones
1941 937 2214 989 earumque
2235 926 2382 975 situm
2404 938 2578 988 parum

449 1027 597 1061 nosse
648 1010 943 1063 videamur“
1003 1019 1093 1061 aut
1148 1011 1408 1072 Queckins
1447 1027 1495 1075 p.
1531 1011 1722 1062 XVII:
1783 1010 2198 1073 „seU,Lucanus
2249 1024 2398 1073 ager:
2455 1009 2582 1057 mira

450 1097 645 1162 ellipsis
682 1098 850 1160 verbi3
903 1098 1107 1147 invenio
1161 1098 1331 1147 nescio
1384 1097 1527 1159 cujus
1580 1098 1673 1145 viri
1721 1097 1857 1145 docti
1913 1096 2154 1159 conJeet.:
2208 1094 2581 1157 Lucanosve

448 1198 634 1246 agros
672 1184 855 1233 omisso
892 1182 1061 1243 sen‚“
1102 1184 1265 1232 lucem
1302 1184 1477 1232 videor
1513 1182 1778 1233 effundere
1825 1181 1959 1232 facta
1993 1182 2144 1230 unius
2177 1179 2436 1229 litterulae
2473 1194 2580 1229 mu-

450 1268 672 1317 tatione:
725 1268 855 1329 „Sen
894 1268 1137 1318 Lucanus
1173 1268 1379 1333 aper;“
1422 1270 1583 1318 oratio
1625 1268 1754 1317 enim
1791 1267 1896 1331 (cui
1935 1267 2108 1315 vitium
2144 1266 2264 1315 fecit
2299 1264 2580 1315 recordatio

448 1351 571 1405 Silv.
610 1353 678 1403 V.
716 1354 763 1412 3,
804 1355 925 1403 163:
982 1354 1123 1414 Quos
1177 1354 1473 1403 Lucanus
1528 1340 1700 1417 ager,
1755 1353 1902 1417 rigidi
1960 1366 2088 1415 qnos
2125 1351 2314 1414 jugera
2363 1346 2578 1410 Dauni,“

450 1437 534 1485 ubi
572 1452 701 1486 nnus
741 1438 901 1490 Rehd.
938 1437 1407 1487 habet'Lunanus
1443 1439 1506 1487 ef.
1544 1438 1676 1488 Oud.
1715 1439 1942 1487 From-in.
1982 1436 2082 1485 111.
2121 1438 2168 1496 2,
2210 1439 2232 1485 1
2273 1452 2318 1501 p.
2360 1436 2483 1497 323)
2523 1449 2583 1483 eo

450 1530 670 1586 spectat,
707 1524 845 1586 quod
884 1525 1088 1573 maximi
1126 1524 1314 1589 quique
1352 1524 1485 1587 apri,
1522 1524 1573 1572 in
1611 1524 1792 1588 quibus
1827 1524 2077 1573 numerari
2115 1528 2316 1571 constat
2349 1519 2584 1570 Lucanos

456 1606 657 1669 (Barth.
728 1608 891 1658 Theb.
951 1607 1102 1657 VIII.
1172 1610 1285 1659 532.
1346 1625 1395 1673 p.
1456 1606 1599 1670 902),
1671 1609 1874 1658 saltus
1942 1615 2252 1667 vastasse,
2323 1606 2585 1655 arbores

452 1689 589 1741 fudi
605 1708 705 1743 sse
741 1708 889 1758 saepe
916 1694 1105 1743 narrati
1128 1700 1247 1743 sunt
1267 1695 1365 1746 vid.
1395 1694 1555 1743 Theb.
1578 1693 1647 1743 11.
1666 1696 1781 1747 472.
1819 1692 1922 1743 Sin.
1945 1695 2038 1748 IX.
2065 1696 2088 1743 1
2111 1709 2160 1757 p.
2184 1694 2278 1742 188
2300 1699 2398 1742 not.
2421 1692 2500 1741 82.
2521 1690 2587 1739 84

454 1793 503 1841 p.
528 1780 741 1828 185.188
780 1777 843 1832 cf.
882 1779 1069 1843 11.4p.
1092 1780 1157 1829 36
1196 1786 1289 1832 etc.
1327 1779 1567 1828 Bochart.
1603 1778 1646 1829 1.
1681 1778 1888 1829 Hieros.
1927 1778 2026 1827 111.
2055 1780 2137 1829 ‘30
2173 1794 2219 1842 p.
2239 1778 2340 1827 983
2359 1790 2440 1838 sq.v
2471 1774 2587 1853 δας.

450 1862 691 1913 Philostr.
742 1864 841 1935 Im.v
873 1864 913 1917 Ι.
952 1866 1015 1914 28
1052 1881 1103 1929 p.
1140 1865 1255 1915 373.
1314 1863 1551 1915 Indidem
1598 1864 1897 1928 intelligitur
1933 1866 2072 1929 quod
2123 1880 2260 1913 nunc
2311 1868 2390 1911 est
2433 1856 2584 1909 me'r·

452 1947 685 1997 sissent
720 1950 895 1999 nescio
948 1964 1015 1997 an
1053 1964 1119 1999 ex
1156 1950 1223 1999 V.
1264 1953 1307 2001 1.
1346 1952 1437 2001 99:
1475 1951 1768 1999 merserit
1820 1964 1970 2013 agros
1995 1949 2176 1999 Nilus“
2214 1947 2498 2014 repetitum,
2535 1945 2586 1993 id

452 2041 601 2083 antea
633 2032 811 2086 fuisse:
849 2050 1093 2085 versum
1127 2036 1353 2085 issent:
2039 2021 2044 2027 ³

704 2142 707 2147 ·
804 2120 907 2171 Seu
942 2120 1261 2170 Pollentinos
1298 2136 1541 2171 versum
1576 2122 1784 2171 issent
1819 2120 2028 2170 flumina
2065 2120 2226 2170 saltus

800 2202 906 2254 Seu
941 2205 1177 2255 Lucanus
1214 2220 1370 2270 aper

456 2286 520 2335 ef.
576 2288 746 2339 Burm.
802 2281 948 2341 ovid.
995 2290 1123 2341 Nnc.
1165 2293 1258 2342 161
1296 2306 1347 2355 p.
1386 2292 1482 2341 841
1535 2290 1676 2353 (add.
1715 2291 1861 2361 Cort.
1897 2292 2091 2341 Lucan.
2131 2291 2253 2341 vn.
2291 2292 2353 2342 58
2391 2306 2439 2354 p.
2482 2290 2594 2341 148.

458 2372 619 2423 Drak.
668 2373 757 2425 Sil.
793 2376 913 2424 XV.
951 2378 1047 2425 411
1088 2392 1137 2441 p.
1176 2374 1313 2439 768).
1363 2376 1489 2429 Stat,
1530 2378 1696 2427 Theb.
1733 2376 1802 2426 V.
1841 2378 1965 2427 309:
2013 2392 2115 2425 non
2162 2392 2284 2425 arva
2329 2375 2448 2436 viri,
2492 2388 2593 2421 non

456 2474 684 2522 aequora
719 2460 1023 2511 vertunt“
1074 2460 1197 2523 (hoc
1236 2463 1369 2511 enim
1407 2469 1585 2511 tenent
1619 2442 1792 2514 Barth
1832 2464 1943 2513 eod.
1987 2469 2090 2527 opt.
2128 2461 2362 2527 Frising.·
2390 2459 2593 2509 Monac.

457 2552 725 2593 verrunt
758 2544 1074 2609 Lindenbr.).
1148 2544 1269 2596 Sen.
1308 2546 1460 2595 Herc.
1498 2546 1615 2595 Fur.
1655 2548 1783 2597 934:
1821 2548 2006 2609 nullus¹
2029 2547 2240 2596 hiberna
2274 2545 2388 2593 nive
2424 2542 2594 2592 Nutri-

456 2636 538 2678 tus
578 2646 727 2694 agros
765 2632 930 2679 amnis
966 2644 1233 2680 eversos
1268 2628 1479 2680 trahat.“
1555 2630 1684 2681 Stat.
1721 2632 1885 2684 Theb.
1928 2631 2079 2681 VIII.
2116 2633 2243 2684 463:
2294 2622 2410 2678 u‘ter
2445 2645 2596 2677 arva

458 2716 852 2778 arbustaque
890 2714 1085 2764 tollat
1119 2714 1336 2769 Altius.“
1396 2716 1619 2765 Dicendi
1655 2724 1821 2766 autem
1861 2732 1923 2765 ea
1959 2717 2173 2775 ratione,
2217 2730 2366 2778 quam
2403 2716 2594 2763 instau-

461 2802 707 2861 ravimus,
768 2816 922 2863 qunm
960 2801 1047 2849 alii
1084 2801 1160 2849 usi
1198 2808 1338 2861 sunt,
1395 2816 1522 2866 quos
1558 2785 1934 2851 nominabimus
1969 2802 2186 2851 Emend.
2226 2802 2380 2867 Prop.
2419 2800 2512 2849 VI.
2552 2803 2597 2858 l,

461 2894 565 2935 tum
605 2885 841 2935 Catullus
879 2887 959 2946 66,
999 2888 1085 2934 11:
1124 2900 1253 2955 „rex
1288 2914 1353 2923 -
1390 2887 1470 2935 Va
1485 2894 1712 2936 statum
1749 2886 1876 2935 fines
1910 2886 2122 2934 iverat
2157 2884 2452 2950 Assyrios‚“
2487 2868 2594 2933 Ho-

360 3009 365 3012 .
459 2971 613 3021 ratius
652 2970 823 3021 Carm.
860 2971 902 3019 Ι.
942 2974 989 3031 2,
1030 2972 1116 3021 15:
1154 2970 1254 3020 Ire
1292 2962 1609 3035 dejectum
1648 2980 1973 3021 monumenta
2009 2968 2226 3035 regum,“
2268 2973 2376 3035 ipse
2403 2970 2595 3019 Statius

458 3056 620 3105 Theb.
662 3056 753 3107 VI.
792 3058 913 3108 657:
952 3057 1039 3120 qui
1075 3057 1265 3122 Tyrias
1304 3048 1613 3119 dejectum
1653 3058 1892 3107 vaditis
1931 3072 2086 3107 arces.
2158 3056 2252 3106 IX.
2291 3058 2348 3105 9:
2388 3055 2596 3105 ultum

460 3168 519 3177 —-—
560 3141 882 3207 Insurgunt‚“
924 3144 1010 3205 qui
1046 3144 1180 3191 idem
1216 3142 1412 3193 Achill.
1445 3144 1515 3193 11.
1536 3144 1635 3193 367
1672 3144 1978 3193 insolentius
2013 3142 2112 3191 hoe
2147 3143 2340 3207 posuit:
2385 3140 2596 3203 „aliquis

462 3228 637 3291 patriis
675 3238 975 3291 rapturus
1014 3228 1078 3277 ab
1114 3230 1215 3278 oris
1253 3229 1577 3277 Deidamian
1612 3227 1759 3277 eat.“
1816 3226 1970 3277 Unde
1995 3224 2208 3277 fortasse
2237 3226 2344 3289 jam
2373 3226 2596 3285 exsistet,

462 3312 544 3375 qni
584 3310 732 3359 Statii
768 3313 882 3362 loco
920 3314 1084 3363 Theb.
1124 3315 1222 3364 111.
1266 3317 1362 3364 100
1399 3328 1493 3377 pro
1530 3328 1616 3373 ee,
1673 3314 1807 3377 qnod
1847 3314 1900 3362 in
1949 3312 2176 3377 plurimis
2231 3311 2374 3360 libris
2431 3316 2598 3359 extat:

462 3397 649 3460 regis,
686 3396 785 3445 hoc
822 3399 1035 3448 reddere
1072 3400 1291 3449 animum
1316 3400 1555 3447 inducatz·
1586 3400 1813 3449 cominus
1839 3414 1994 3448 ausus
2020 3398 2226 3447 Vadere
2252 3403 2595 3462 contemptum

460 3496 627 3545 reges
663 3478 751 3543 (cf.
788 3480 986 3534 Locell.
1024 3492 1075 3533 et
1108 3485 1309 3533 Peerlk.
1346 3484 1689 3549 Xen.Ephes.
1729 3500 1777 3549 p.
1801 3486 1916 3535 218.
1952 3484 2019 3537 id.
2059 3482 2262 3533 Peerlk.
2284 3483 2405 3531 Hor.
2426 3481 2596 3531 Carm.

462 3565 506 3618 Ι.
544 3569 573 3615 2
609 3582 662 3631 p.
687 3562 773 3631 13)
809 3567 963 3631 idque
1002 3584 1064 3618 eo
1103 3570 1447 3633 magis,·quod
1484 3570 1726 3619 Barthins
1764 3584 1814 3633 p.
1855 3572 1948 3619 701
1999 3570 2051 3617 in
2090 3568 2192 3617 suis
2227 3567 2486 3616 codicibus
2520 3567 2598 3615 in·

461 3652 601 3701 venit
650 3667 853 3715 regem.
928 3652 1216 3718 Corippo
1260 3662 1426 3704 autem
1464 3655 1549 3705 Jo.
1587 3655 1628 3704 1.
1665 3654 1792 3705 459:
1843 3654 1916 3702 sic
1951 3653 2154 3718 Jupiter
2199 3651 2288 3701 ille
2326 3678 2388 3687 --
2429 3651 2597 3701 Caeli-

464 3738 629 3787 colum
666 3745 858 3789 tnrmas
895 3738 1015 3802 quid
1052 3738 1239 3787 vellent
1274 3739 1392 3789 fata.
1412 3740 1731 3789 monebat-
1754 3739 1988 3787 Vel-teret
2023 3738 2075 3785 in
2109 3744 2304 3787 montes
2337 3737 2444 3786 visa
2470 3752 2597 3801 quos

461 3822 698 3888 Gorgone
717 3824 903 3883 Pallas,
944 3824 1253 3874 Arcitenens
1292 3825 1481 3874 crebris
1516 3826 1630 3889 quis
1667 3824 1822 3874 ferret
1845 3824 1954 3873 sata
1979 3824 2173 3887 sagittis
2201 3820 2444 3885 Quosque
2473 3822 2598 3871 levis

460 3915 593 3959 torto
630 3909 897 3958 fixisset
932 3904 1090 3959 Delia
1124 3909 1263 3959 telo“
1304 3911 1416 3975 quis
1454 3911 1688 3980 est-quin
1724 3910 1824 3959 hoc
1859 3910 2034 3959 deberi
2081 3910 2351 3957 concedat:
2395 3908 2468 3957 sic
2502 3906 2598 3957 Ju-

459 3994 589 4057 piter
623 3993 711 4042 ille
740 4020 799 4029 -—-
828 3995 1066 4043 monebat
1099 4020 1164 4029 --
1204 3994 1446 4058 Quosque
1482 3988 1606 4045 levis
1643 4002 1776 4045 torto
1813 3990 2012 4043 fixum
2049 3994 2174 4043 iret
2209 3994 2366 4043 Delia
2400 3992 2506 4042 telo
2527 3994 2593 4042 ?“

460 4077 613 4127 malui
651 4079 783 4127 enim
804 4079 1043 4143 „Jupiter
1078 4080 1233 4130 ille“
1268 4080 1502 4141 retinere,
1530 4095 1682 4144 quam
1707 4080 1922 4129 seribere
1959 4080 2095 4144 ipse
2131 4075 2594 4143 cf.Peerlk.Virg.

463 4164 597 4217 Aen.
636 4164 744 4213 VII
780 4180 831 4230 p.
868 4166 899 4215 9
938 4180 1012 4228 sq.

598 4248 783 4300 Dicam
820 4251 967 4301 etiam
1004 4252 1069 4300 de
1105 4264 1256 4301 versu
1292 4254 1383 4302 2οε

820 4332 887 4386 Et
922 4336 1159 4387 volucres
1194 4337 1423 4388 habuere
1459 4328 1640 4402 rogum
1673 4351 1956 4403 cervusque
1989 4337 2234 4389 Maronis.

463 4420 627 4485 Quem
678 4436 877 4476 versum
926 4422 1163 4476 Barthius
1212 4438 1364 4489 quum
1420 4422 1529 4485 „de
1565 4438 1711 4487 rogo·
1745 4424 1880 4489 apud
1917 4422 2189 4488 Virgilium
2229 4436 2283 4473 se
2320 4421 2599 4497 qni-dquam
