3234 4967
1335 425 1558 479 Adnot.
1596 425 1689 477 58.
2494 420 2581 486 95

430 631 638 698 forma
705 633 846 721 ejus
903 630 1088 698 verbi
1106 681 1125 715 ,
1187 631 1364 721 quod
1409 649 1637 698 verum
1698 650 1839 696 esse
1900 629 2215 712 dicimus,
2288 628 2567 718 aliquam

428 736 639 803 labem
686 738 908 804 traxit.
960 738 1285 821 Quoniam
1317 739 1490 802 enim
1521 736 1649 801 hoe
1676 735 2020 824 profitetur
2050 743 2255 823 poeta
2285 733 2577 819 „nullum

431 865 570 909 esse
601 842 884 908 lacrimis
913 843 1200 927 modum,
1235 845 1389 932 quia
1419 864 1586 930 quae
1615 842 1927 930 patiatur,
1953 841 2236 906 vicerint
2264 841 2576 908 modum“

430 949 608 1038 (sen.
659 949 790 1036 Ag.
839 949 1018 1039 692),
1066 971 1188 1015 nec
1219 949 1521 1016 fortunae
1555 947 1929 1014 crudelitati
1957 968 2155 1036 posse
2189 950 2359 1037 juste
2394 971 2583 1015 exae-

411 1057 620 1144 ‚quari
661 1052 927 1138 luctum,
975 1055 1165 1122 simul
1193 1057 1322 1122 tria
1367 1064 1719 1144 apparent:
1766 1053 1853 1122 ad
1900 1076 2001 1137 ea,
2050 1076 2216 1142 quae
2264 1077 2438 1124 nunc
2482 1058 2575 1121 in-‘

430 1163 782 1229 veniuntur
828 1163 922 1228 sic
967 1171 1270 1229 exarata:
1343 1163 1665 1250 quisnam
1734 1169 1873 1226 aut
1944 1159 2285 1249 (quisnam
2331 1171 2570 1229 autem

431 1270 750 1356 gemitus
815 1269 901 1334 ef.
970 1268 1249 1334 Eumen.
1315 1267 1474 1333 Pan.
1531 1261 1941 1333 constantin.
2013 1267 2076 1350 3,
2125 1268 2195 1331 6:
2264 1269 2575 1356 patricios
2662 1296 2670 1306 ·

429 1384 564 1442 aut
627 1374 971 1442 insidiatos
1041 1373 1164 1441 sibi
1235 1383 1350 1444 aut
1416 1372 1635 1463 palam
1703 1371 1947 1461 aliquid
1992 1381 2278 1438 conatos.
2339 1374 2574 1441 Sched.

431 1481 640 1568 Lang.
687 1490 971 1548 autem.
1027 1479 1246 1546 Hand.
1296 1478 1568 1546 Tursell.
1616 1479 1673 1544 Ι.
1730 1503 1796 1568 p.
1843 1476 2005 1566 558)
2076 1501 2297 1544 errore
2370 1501 2581 1546 reeor-

432 1587 723 1655 dantium
755 1586 914 1654 Silv.
960 1586 1036 1650 ΙΙ.
1085 1586 1148 1669 6,
1186 1587 1300 1651 17:
1349 1587 1721 1674 quisnam
1767 1585 1931 1650 haec
1976 1586 2045 1650 in
2087 1584 2320 1650 funera
2348 1587 2578 1652 missos

433 1692 731 1780 Castiget
774 1691 1078 1760 luctus‘?“
1126 1690 1412 1758 deducta
1459 1714 1603 1758 esse
1651 1690 1847 1757 haec:
1898 1690 2062 1774 Quis
2122 1692 2429 1758 minuat
2474 1715 2583 1780 ge-

431 1800 669 1866 mitus“
717 1797 828 1888 (cf.
862 1796 1151 1866 Martial.
1183 1798 1260 1862 ΙΙ.
1305 1799 1413 1882 61,
1462 1797 1532 1862 5:
1579 1797 1958 1885 nimiaque
2005 1797 2339 1883 aerugine.
2386 1799 2579 1864 Voss.

432 1904 608 1973 Gud.
641 1903 1156 1994 minimaque);
1205 1903 1358 1970 inde
1389 1926 1509 1992 pro
1543 1925 1645 1986 eo,
1679 1903 1855 1992 quod
1886 1903 2099 1970 fuerat
2144 1903 2578 1992 rependens,

432 2012 500 2076 in
567 2010 710 2078 aliis
779 2010 963 2078 libris
1024 2010 1318 2098 erupisse
1388 2009 1805 2097 reprendit
1874 2008 1977 2097 (ut
2044 2009 2250 2075 Theb.
2312 2011 2403 2075 X.
2450 2010 2581 2077 555

431 2127 753 2207 portant.
803 2117 884 2184 al.
933 2127 1258 2207 portans.
1351 2114 1548 2182 Ovid.
1578 2114 1726 2181 Art.
1758 2114 1907 2181 Am.
1938 2116 2028 2181 II.
2063 2116 2175 2182 49:
2224 2115 2579 2184 Tractabat

431 2246 778 2314 ceramque
826 2246 992 2312 puer
1035 2244 1412 2313 pennasque
1446 2221 1814 2288 renidens.
1849 2221 2015 2307 Reg.
2048 2224 2368 2288 renectit.
2418 2221 2577 2288 Met.

429 2331 610 2398 Vm.
658 2331 792 2399 473
836 2340 1054 2397 errat.
1116 2330 1333 2419 Sprot.
1380 2351 1672 2396 errans.
1717 2327 1806 2394 X.
1840 2326 1971 2392 558
2018 2328 2377 2394 renidens.
2427 2328 2571 2394 cod.

433 2460 602 2504 unus
645 2437 873 2506 Heius.
921 2437 1274 2508 reclinat.
1324 2437 1503 2505 Fast.
1557 2433 1613 2500 I.
1664 2435 1791 2500 799
1840 2456 2215 2522 pugnans.
2273 2435 2578 2500 Fontein.

430 2554 732 2634 pugnat.
767 2543 1114 2612 Claudian.
1138 2543 1290 2610 Ruf.
1315 2543 1402 2608 II.
1430 2543 1590 2610 3692
1620 2541 1899 2609 Nomine
1924 2563 2248 2629 quemque
2280 2563 2579 2607 vocans.

429 2653 590 2718 Luc.
639 2649 914 2741 Gyrald.
965 2652 1114 2717 Vat.
1154 2675 1263 2740 .pr.
1310 2657 1548 2716 vocat.
1595 2648 1711 2714 VI.
1750 2646 1947 2714 Cons.
1982 2647 2153 2712 Hon.
2204 2647 2333 2713 629
2380 2646 2577 2713 resul-

428 2767 632 2826 tans.
663 2758 876 2824 Vicet.
903 2756 1107 2825 result
1121 2766 1216 2822 at.
1246 2756 1374 2822 269
1405 2775 1763 2844 peragens
1786 2773 1929 2818 cum
1956 2775 2289 2819 murmure
2313 2751 2577 2821 bellum.

430 2864 608 2932 Med.
655 2874 864 2954 quart.
913 2865 1192 2952 peragit
1236 2862 1316 2928 cf.
1364 2861 1555 2928 Eutr.
1605 2860 1686 2924 ΙΙ.
1751 2859 1877 2926 182
1934 2859 2252 2926 incedit.
2302 2859 2576 2948 Gyrald.

428 2971 590 3038 Luc.
638 2972 800 3038 Lov.
847 2971 1217 3037 incedens.
1265 2969 1513 3034 Lucan.
1561 2967 1646 3032 V.
1694 2966 1827 3034 349
1884 2964 2331 3054 relinquens.
2378 2967 2571 3034 codd.

427 3077 804 3167 relinquet,
851 3076 1223 3166 relinquis,
1271 3071 1656 3162 relinques.
1702 3070 1901 3160 Apul.
1950 3072 2110 3138 Met.
2156 3073 2282 3139 IX.
2329 3097 2395 3162 p.
2445 3074 2571 3140 638
2612 3063 2637 3198 N

433 3187 840 3275 suspirans.
870 3184 1080 3250 Dorv.
1129 3179 1509 3270 suspirat),
1556 3180 1627 3246 in
1672 3176 1817 3246 aliis
1847 3178 2223 3265 rependis,
2275 3179 2580 3267 quemad·
2633 3201 2641 3288 j

427 3291 696 3359 modum
740 3288 917 3380 apud
961 3288 1240 3356 Statium
1309 3285 1466 3354 Silv.
1520 3285 1599 3351 ΙΙ.
1649 3285 1711 3370 2,
1776 3287 1903 3352 126
1972 3284 2327 3374 repellens
2395 3308 2578 3374 prae·
2626 3339 2629 3344 .

428 3397 767 3464 ferendum
865 3395 1056 3464 alteri
1139 3393 1471 3484 repellis,
1571 3390 1777 3481 repell
1796 3413 1831 3460 e
1850 3416 1879 3458 s
1972 3392 2255 3458 diximus
2352 3392 2575 3460 adnot.

428 3527 493 3569 v.
539 3503 626 3568 46
688 3527 782 3592 sq.
843 3511 910 3568 et
965 3501 1146 3590 apud
1203 3499 1642 3567 Claudianum
1711 3498 1859 3566 Ruf.
1907 3498 1997 3564 II.
2045 3498 2209 3566 423:
2278 3521 2412 3566 una
2479 3508 2579 3566 tot

427 3608 631 3676 millia
673 3618 882 3676 morte
930 3605 1304 3697 rependis?
1349 3605 1623 3671 Eversis
1674 3603 1954 3690 agedum
2001 3604 2306 3672 Rufinum
2355 3604 2575 3672 divide

428 3717 666 3784 terris“
698 3713 1014 3805 (Helmst.
1036 3710 1350 3802 rependi)
1375 3733 1506 3777 non
1533 3711 1859 3777 immerito
1884 3711 2233 3798 suspiceris
2266 3711 2576 3800 scriptum

431 3878 1038 3890 --o-ffl-m--mm-.

669 3943 975 4000 ”euthalius
1013 3943 1147 3998 Mus.
1186 3943 1346 3998 thcn.
1387 3938 1445 3994 V.
1483 3958 1534 4011 p.
1560 3939 1659 3992 637
1699 3947 1749 3992 ct
1804 3937 2095 3994 Urlichsius
2152 3934 2233 3992 Vl.
2270 3939 2370 3992 638
2418 3943 2575 4010 alque

668 4049 768 4086 nos
803 4032 903 4085 rati
939 4030 1042 4084 hoe
1078 4028 1210 4084 dici:
1247 4034 1550 4098 promptum
1587 4031 1937 4096 paratumque
1975 4025 2137 4080 Gallis
2155 4025 2265 4092 jam
2305 4026 2417 4078 fore
2455 4027 2574 4080 tri·

670 4117 896 4188 umphi
946 4115 1112 4168 decus
1165 4122 1218 4167 et
1271 4114 1686 4166 senatoriam
1726 4111 2075 4180 dignitatem).
2130 4107 2259 4164 xlv,
2309 4111 2369 4164 8:
2418 4111 2575 4164 aliam

671 4203 782 4257 sore
845 4201 985 4255 leto
1050 4207 1196 4255 rato
1247 4199 1444 4264 (certo)
1493 4200 1699 4252 faciem.
1742 4199 1828 4250 16:
1883 4198 2106 4265 insignis
2144 4199 2317 4250 artis
2370 4199 2575 4252 aesli-

664 4289 882 4341 matio.
936 4283 1041 4340 XV.
1096 4286 1189 4338 54:
1245 4285 1524 4353 ligamenta
1593 4283 1873 4354 pan-tiebat
1926 4289 2135 4353 atque
2192 4299 2265 4335 eo
2319 4281 2575 4335 demum

664 4373 932 4427 Milichum
971 4381 1205 4426 movet.
1241 4371 1336 4423 74:
1374 4373 1773 4425 venerationem
1830 4371 1957 4422 item
2008 4369 2281 4422 hominum
2331 4369 2576 4429 vei-itm

661 4475 798 4532 quae
836 4457 1192 4512 eorundem
1232 4457 1298 4508 ad
1325 4459 1500 4510 cunina
1540 4455 1697 4508 dolo
1737 4459 1799 4508 in
1852 4457 1935 4507 sui
1976 4457 2193 4507 exilum
2230 4459 2575 4506 vei-neretum·-
