3234 4967
1303 364 1528 418 Adnot.
1568 363 1719 417 1-3.
2507 364 2582 431 15

429 570 690 663 (Barth.
731 568 906 639 Adv.
948 567 993 635 l.
1035 566 1154 656 d.)‚
1212 568 1378 635 bene
1426 568 1802 656 appositum
1847 576 2063 656 atque,
2112 566 2182 632 id
2228 567 2405 657 quod
2448 584 2580 635 ma-

429 680 602 745 xime
660 673 1131 745 attendendum
1189 683 1308 757 est,
1373 674 1522 761 ipsa
1586 694 1669 738 ea
1736 670 1985 759 ecloga,
2057 693 2225 761 quae
2282 671 2573 740 excludit

431 784 756 854 Silvarum
804 780 1129 865 volumen,
1161 779 1270 846 vel
1315 778 1769 865 dignissimum
1815 801 1957 845 esse
2003 776 2443 865 intelligimus.

609 889 744 957 Sed
787 911 870 955 ne
917 886 1076 977 quid
1119 885 1651 975 praetermissum
1695 895 1917 975 putes:
1984 885 2113 969 „de
2158 886 2394 953 Pieriis
2448 910 2581 953 vo-

433 977 680 1065 calem
734 994 1023 1061 fontibus
1079 992 1365 1059 undam
1385 995 1427 1031 “
1494 991 1671 1070 idem
1742 992 1989 1058 Statius
2056 990 2227 1058 dixit
2291 990 2452 1059 Silv.
2522 993 2579 1059 Ι.

435 1106 496 1187 2,
545 1104 586 1169 6
635 1104 858 1193 (quem
903 1100 1119 1168 locum
1163 1107 1629 1187 compararunt
1684 1096 2044 1165 Gevartius
2092 1106 2159 1163 et
2210 1097 2577 1189 Bai-thius),
2618 1078 2635 1095 ⁹

437 1213 546 1281 alii
629 1215 838 1286 λάλον
907 1211 1142 1304 ὕδωρ,
1221 1204 1663 1293 loquacem
1740 1204 2077 1287 undam,
2162 1224 2327 1293 quos
2409 1204 2589 1271 idem.

434 1313 745 1383 Barthius
790 1314 1153 1381 nominavit
1183 1310 1344 1380 Silv.
1374 1310 1420 1377 l.
1453 1311 1518 1377 d.
1550 1334 1615 1400 Ρ.
1648 1310 1739 1377 44
1769 1334 1871 1399 sq.
1920 1312 2002 1377 cf.
2036 1310 2209 1377 Adv.
2244 1308 2578 1378 XXVIII.

435 1422 482 1486 4
525 1444 591 1509 p.
629 1420 800 1488 1318
846 1430 914 1485 et
961 1420 1336 1487 Gronovius
1381 1418 1595 1485 Diatr.
1639 1441 1705 1506 p.
1738 1417 1892 1483 584.
1956 1415 2263 1505 Adjicere
2312 1416 2465 1483 licet
2514 1428 2585 1484 et

439 1526 647 1592 Theb.
678 1526 734 1607 Ι.
769 1526 934 1592 4922
994 1528 1465 1614 „monitusque
1525 1524 1717 1591 datos
1772 1522 2192 1589 vocalibus
2252 1525 2585 1590 antris.“

442 1632 562 1698 IV.
595 1632 708 1697 342
754 1633 1156 1716 „nemoris
1201 1633 1434 1719 regina
1479 1631 1763 1697 sonori
1795 1626 2162 1717 Calliope.“
2210 1627 2370 1695 silv.
2402 1630 2487 1696 V.
2520 1632 2582 1714 2,

444 1738 574 1803 209
619 1736 942 1805 vocales
985 1737 1216 1805 lucos
1261 1748 1334 1805 et
1357 1736 1643 1803 Plinium
1673 1735 1755 1801 N.
1788 1735 1874 1801 H.
1907 1733 2027 1799 IV.
2061 1734 2122 1815 8,
2162 1734 2243 1799 15
2276 1732 2586 1801 Gellium-

441 1866 568 1932 que
597 1843 654 1909 Ι.
688 1844 750 1927 2,
799 1866 842 1910 a
880 1844 1114 1932 quibus
1161 1858 1503 1910 cane-ras
1553 1863 1799 1931 aquas
1844 1838 2215 1928 praedicari
2246 1839 2591 1907 adnotavit

439 1948 740 2016 Handius
785 1947 1063 2015 Tursell.
1111 1949 1167 2015 Ι.
1213 1972 1280 2038 p.
1327 1950 1460 2015 512
1525 1950 1606 2013 cf.
1641 1947 1995 2015 Sannazar.
2027 1944 2219 2031 Eleg.
2250 1944 2307 2013 Ι.
2354 1968 2419 2034 p.
2452 1946 2581 2013 681

445 2054 678 2121 Gher.:
743 2052 1044 2139 „Phoebi
1103 2076 1324 2121 sacros
1379 2076 1581 2142 cogor
1637 2053 1917 2119 lustrare
1978 2070 2275 2117 recessus
2331 2052 2588 2119 Voca-

443 2159 756 2247 lemque
834 2161 1142 2227 undam.
1161 2165 1203 2201 “
1304 2160 1386 2226 In
1455 2182 1586 2249 qua
1655 2169 1871 2226 autem
1944 2159 2269 2223 sententia
2334 2158 2590 2226 vrerba

444 2265 835 2333 solemnia
887 2274 1236 2355 ponantur,
1293 2266 1454 2333 dicit
1498 2266 1915 2332 Burmannus
1962 2262 2159 2330 Ovid.
2203 2264 2364 2331 Met.
2404 2266 2495 2331 X.
2542 2266 2588 2331 4

442 2395 508 2460 p.
541 2372 672 2437 685
717 2372 871 2439 add.
905 2374 1136 2440 Senec.
1171 2370 1339 2438 Oed.
1371 2372 1538 2439 498:
1601 2372 2011 2455 „solemne
2058 2369 2363 2437 Phoebus
2420 2393 2590 2439 car-

442 2500 615 2543 men
661 2476 824 2544 Edit
880 2479 1111 2544 infusis
1165 2478 1437 2554 humero
1493 2476 1767 2565 capillis.
1782 2481 1823 2515 “
1884 2476 2121 2562 Agam.
2169 2476 2336 2543 349:
2394 2477 2589 2559 „Tibi

443 2580 778 2649 multifora
843 2583 1006 2648 tibia
1071 2582 1250 2649 buxo
1320 2583 1688 2651 Solemus
1756 2584 2025 2649 canit“
2117 2582 2198 2647 cf.
2262 2582 2589 2651 Schwarz.

448 2682 613 2751 Plin.
660 2686 909 2773 Paneg.
954 2685 1082 2753 III.
1129 2688 1178 2767 5,
1218 2712 1284 2775 p.
1333 2690 1397 2753 6.
2401 2696 2435 2718 ²

623 2790 802 2856 Nihil
849 2794 991 2881 Jam
1048 2793 1285 2859 attinet
1330 2814 1556 2860 eorum
1601 2817 1890 2863 errorem
1934 2794 2293 2879 confutare,
2352 2794 2589 2884 quibus

447 2917 582 2963 vox
637 2918 838 2963 nunc
895 2920 1028 2964 non
1082 2900 1276 2967 modo
1329 2908 1530 2985 recte,
1592 2902 1710 2968 sed
1768 2904 2003 2969 mirum
2060 2925 2255 2990 quam
2310 2915 2462 2990 apte
2520 2913 2587 2968 et

448 3000 786 3089 eleganter
856 3007 1073 3093 posita
1141 3006 1285 3072 visa
1354 3017 1472 3073 est.
1551 3007 1879 3074 Videlicet
1946 3031 2079 3074 non
2149 3009 2406 3092 desunt,
2478 3011 2589 3099 qui

445 3109 617 3175 hunc
664 3130 926 3199 quoque
983 3112 1265 3200 probent
1322 3114 1617 3181 ordinem
1664 3115 2046 3181 verborum:
2104 3125 2178 3181 tu
2232 3136 2337 3181 me
2393 3115 2589 3182 cali·

445 3218 640 3301 gine
683 3227 1006 3283 moestum
1039 3218 1283 3287 Obruis
1329 3221 1413 3287 ah
1460 3221 1643 3287 dira
1672 3242 1736 3286 v.
1768 3223 1853 3288 53
1888 3232 1989 3301 (ut
2020 3221 2178 3289 Silv.
2210 3221 2338 3287 111.
2372 3221 2436 3306 5,
2468 3223 2587 3288 57:

446 3343 634 3406 „non
694 3325 788 3390 sic
835 3324 1186 3393 Trachinia
1241 3326 1480 3393 nidos
1537 3326 1881 3415 Halcyone
1942 3330 2275 3412 veros‚“
2329 3325 2411 3394 de
2458 3351 2587 3417 quo

444 3429 590 3496 loco
633 3433 776 3519 jam
829 3444 1125 3500 nostrum
1179 3434 1495 3525 judicium
1555 3444 1869 3523 sequutus
1926 3434 2116 3501 aliter
2174 3436 2403 3501 statuit
2461 3434 2587 3501 Im-

446 3535 656 3603 hofius
689 3537 770 3603 de
803 3538 962 3607 Silv.
997 3541 1260 3609 Condit.
1287 3542 1450 3610 crit.
1482 3567 1548 3631 p.
1581 3545 1669 3609 33
1715 3542 1797 3608 cf.
1830 3542 1965 3608 Sin.
1996 3541 2117 3607 IV.
2150 3542 2191 3608 3
2221 3564 2288 3629 p.
2318 3542 2445 3607 112
2458 3539 2587 3630 sq.)

445 3652 818 3733 negentque
875 3646 1380 3734 reprehensione
1439 3670 1665 3715 carere
1723 3658 2007 3737 poetam,
2066 3648 2177 3736 qui
2224 3668 2287 3713 v.
2331 3648 2367 3712 7
2372 3648 2412 3711 9
2458 3670 2589 3713 ma·

444 3748 639 3815 luerit
685 3750 1000 3819 scribere:
1057 3755 1351 3837 „Nonne
1395 3776 1655 3841 gemam
1701 3764 1809 3838 te,
1868 3776 2018 3820 care
2064 3756 2296 3841 puer‚“
2354 3774 2588 3842 quam:

445 3855 700 3939 Nonne,
746 3880 974 3945 puer,
1021 3868 1109 3942 te,
1159 3880 1330 3942 care,
1377 3860 1779 3944 gemam?“
1844 3860 1980 3926 Sed
2026 3860 2173 3925 finis
2218 3881 2351 3925 non
2395 3860 2586 3945 foret,

445 3963 501 4025 si
558 3961 729 4028 hanc
786 3972 1039 4051 partem
1099 3964 1331 4031 vellem
1401 3964 1627 4031 dedita
1692 3987 1894 4054 opera
1956 3975 2365 4054 pertentare3
2433 3990 2585 4033 nam

449 4064 784 4148 Queckius
845 4070 1108 4156 quidem
1168 4070 1334 4135 adeo
1382 4079 1448 4135 et
1493 4065 1731 4157 poetae
1778 4080 1846 4136 et
1891 4072 2013 4138 sibi
2061 4072 2290 4155 defuit,
2348 4081 2423 4138 ut
2465 4096 2588 4138 nec

445 4170 608 4237 haec
651 4173 860 4239 verba
903 4174 1110 4241 Theb.
1141 4173 1232 4240 II.
1277 4174 1440 4240 492:
1487 4176 1841 4265 „Apparet
1888 4188 2002 4244 aut
2047 4178 2291 4245 celsum
2338 4178 2587 4245 crebris

445 4278 841 4345 arietibus
886 4280 1118 4347 urbis“
1167 4290 1282 4346 aut
1322 4278 1436 4347 illa
1464 4282 1587 4364 XI,
1624 4282 1741 4348 22:
1788 4284 1985 4367 „Nec
2029 4286 2197 4373 jam
2244 4282 2585 4350 hostiles

445 4398 471 4449 t
482 4408 528 4449 u
542 4409 574 4450 r
589 4408 653 4451 m
669 4410 708 4451 a
720 4408 756 4451 e
819 4408 910 4452 au
927 4382 960 4451 t'
1013 4388 1086 4453 fe
1101 4410 1134 4452 r
1145 4410 1179 4453 r
1194 4410 1238 4452 u
1253 4407 1318 4449 m
1364 4408 1430 4450 m
1446 4408 1486 4451 o
1497 4386 1671 4452 rtale
1717 4391 2029 4455 timetur“
2098 4390 2377 4478 prodere
2483 4417 2545 4448 w
2562 4362 2668 4449 2³⁴³*
