3234 4967
640 378 716 441 16
1486 381 1930 435 Adn01.¹--3.

610 576 818 633 ,neret
849 577 916 633 et
935 570 1090 666 ‘ipse
1128 566 1498 657 hujusmodi
1534 591 1765 634 versus
1800 570 2047 637 faceret
2071 569 2230 635 Silv.
2254 570 2345 635 H.
2373 572 2434 655 6,
2470 573 2585 639 77:
2620 574 2778 640 Tor-

609 655 714 739 ¹sit
747 684 812 738 et
839 674 1092 739 invidia
1120 683 1345 739 morte
1363 698 1426 739 m
1457 675 1781 762 amplexa
1801 676 2073 763 jacenti.
2100 676 2161 759 2,
2193 676 2308 741 153
2334 677 2515 761 „Dat
2536 689 2775 746 natura

629 779 846 846 locum
886 782 1222 869 montique
1267 781 1684 847 intervenit
1730 804 2057 849 curvum.
2078 786 2117 819 “
2166 782 2268 849 Of.
2308 783 2604 873 Conject.
2646 785 2775 852 Vll.

633 886 870 953 Xan.

808 991 1148 1057 Postremo
1180 1014 1262 1057 ne
1296 993 1441 1079 quis
1474 992 1980 1081 discrepantiam
2024 995 2268 1061 codicis
2306 996 2775 1083 Rehdigerani:

597 1107 612 1117 “
633 1100 741 1163 Te
786 1100 1141 1163 miserum“
1187 1094 1630 1185 scrupulosius
1676 1100 1980 1165 miretur:
2029 1110 2096 1165 et
2126 1102 2195 1166 in
2227 1102 2386 1189 ipsis
2418 1105 2777 1169 carminum

630 1206 967 1293 principiis
1023 1226 1190 1291 quae
1250 1226 1290 1269 a
1333 1202 1619 1269 librariis
1664 1207 1973 1272 vitiorum
2020 1229 2267 1293 genera
2312 1208 2601 1275 admissa
2643 1209 2777 1275 fue-

629 1313 761 1376 rint
807 1310 963 1377 alibi
1009 1310 1346 1375 docuimus
1393 1308 1507 1399 (cf.
1540 1312 1736 1399 Prop.
1769 1312 1893 1377 ΙΙΙ.
1931 1315 2033 1396 11,
2068 1313 2152 1379 55
2185 1316 2291 1382 Te
2336 1313 2565 1381 scelus.
2634 1314 2774 1381 Pal.

608 1418 689 1489 ,Ε
752 1416 984 1483 scelus.
1063 1417 1385 1503 Groning.
1433 1416 1617 1507 Ete)
1681 1428 1747 1483 et
1805 1419 1981 1507 apud
2038 1419 2352 1486 Ovidium
2409 1423 2777 1488 invenimus

629 1524 790 1595 Her,
822 1523 940 1588 VI.
979 1523 1135 1588 147:
1184 1544 1304 1611 per
1347 1544 1459 1587 me
1491 1532 1672 1589 tutus
1705 1521 2058 1613 sospesque
2087 1526 2365 1593 fuisses“
2404 1528 2471 1593 in
2501 1527 2775 1593 Putean.
2890 1604 2895 1609 ⁸

628 1640 703 1695 te
752 1638 819 1694 et
862 1628 1009 1694 Art.
1054 1628 1204 1693 Am.
1251 1628 1342 1693 II.
1396 1628 1554 1694 705:
1615 1630 1868 1716 Sponte
1923 1654 2043 1697 sua
2100 1634 2241 1697 sine
2295 1643 2375 1699 te
2423 1618 2492 1699 in
2538 1634 2776 1700 Franc.

632 1746 698 1800 et
727 1735 966 1801 Moret.
1005 1756 1122 1798 me
1156 1732 1342 1821 (add.
1367 1733 1594 1797 Heius.
1633 1732 1795 1816 Her.
1821 1734 2011 1801 XIV.
2042 1737 2166 1800 117
2191 1760 2256 1823 p.
2288 1738 2415 1802 194
2438 1738 2521 1803 cf.
2548 1739 2771 1803 XVII.

630 1842 760 1907 252
819 1865 884 1930 p.
947 1840 1096 1905 259.
1129 1826 1314 1904 ’ΧΧ.
1375 1839 1458 1903 76
1518 1862 1583 1927 p.
1642 1840 1793 1905 295.
1850 1840 2043 1907 XXI.
2107 1841 2193 1906 52
2251 1866 2316 1930 p.
2364 1841 2547 1926 309),
2598 1842 2775 1929 apud

631 1947 1064 2015 Claudianum
1111 1945 1387 2033 Eutrop.
1435 1944 1524 2009 ΙΙ.
1573 1945 1738 2009 202:
1800 1946 1919 2012 Me
1964 1946 2236 2011 nimium
2280 1946 2530 2030 timide,
2591 1948 2778 2012 nimi·

631 2079 736 2119 um
784 2056 1069 2141 junxere
1115 2053 1385 2117 remisso
1433 2052 1603 2117 Fata
1650 2053 1862 2117 viro.“
1922 2052 2160 2119 Moret.
2192 2077 2293 2141 pr.
2326 2052 2435 2118 Te
2482 2054 2775 2137 nimium,

631 2160 808 2250 apud
852 2158 1225 2225 Martialem
1269 2158 1394 2223 111.
1444 2159 1549 2241 20,
1599 2158 1719 2223 2οτ
1769 2158 2015 2225 Canius
2062 2164 2309 2225 tuus“
2353 2159 2422 2223 in
2466 2158 2779 2225 Leidensi

630 2289 879 2350 meus,
943 2263 1310 2354 cujusmodi
1368 2263 1675 2352 exempla
1745 2285 1913 2353 quae
1984 2274 2215 2331 extant
2280 2264 2582 2353 plurima,
2644 2288 2776 2331 non

630 2375 840 2459 magis
895 2393 1070 2436 nunc
1126 2392 1584 2454 commemor0‚
1649 2391 1845 2459 quam
1896 2368 2060 2436 illud
2116 2380 2191 2435 te
2238 2371 2402 2437 Hor.
2452 2371 2670 2438 Carm.
2716 2373 2774 2437 Ι.

638 2483 694 2563 1,
753 2480 861 2562 30,
945 2477 1122 2565 quod
1195 2479 1306 2565 qui
1363 2478 1711 2541 minutiore
1774 2498 1939 2571 cura
1991 2476 2449 2543 commendare
2512 2476 2777 2542 videtur

629 2587 849 2652 multis
894 2583 1176 2651 Wolfius
1220 2582 1413 2649 Anal.
1458 2581 1515 2646 I.
1563 2606 1629 2669 p.
1662 2582 1793 2647 262
1836 2604 1954 2673 sq„
2001 2583 2564 2651 vehementissime
2611 2584 2773 2670 ipse,

631 2702 704 2757 ut
761 2692 1016 2757 dicetur
1071 2692 1138 2755 in
1199 2687 1476 2755 Emend.
1533 2688 1731 2775 Prop.
1774 2686 1895 2755 VI.
1936 2690 1999 2755 2.
2058 2698 2194 2755 not.
2235 2690 2344 2774 47,
2402 2687 2778 2780 repudiavit

633 2820 710 2864 ac
749 2797 1136 2863 confutavit.

1564 2976 1635 3051 V.
1681 2977 1741 3051 8.
1788 2976 1845 3051 9.

808 3113 950 3181 Nisi
1005 3113 1284 3180 Statium
1343 3133 1681 3180 censemus
1738 3114 2004 3181 confuse
2060 3137 2139 3180 ac
2191 3111 2505 3201 perplexe
2550 3110 2775 3200 loquu-

631 3232 771 3289 tum
830 3243 994 3304 esse,
1055 3221 1272 3285 omnia
1322 3220 1392 3285 in
1419 3217 1546 3291 .his
1599 3221 1911 3287 tricarum
1980 3220 2176 3309 plena
2241 3218 2537 3309 putanda
2602 3227 2772 3301 sunt,

633 3351 796 3418 quas
843 3326 1107 3417 quidem
1155 3348 1242 3393 ex
1291 3335 1478 3415 parte
1525 3325 1787 3392 sustulit
1826 3325 2205 3393 Marklandi
2236 3325 2579 3411 sagacitas.
2644 3324 2777 3408 Qui

632 3430 1066 3502 vetustiorum
1133 3431 1604 3520 exemplarium
1674 3432 1805 3497 fide
1873 3433 2121 3499 innisus
2190 3444 2579 3520 assequutus
2650 3443 2772 3517 est,

633 3541 794 3631 quid
823 3539 1131 3607 inaltero
1162 3562 1361 3606 versu
1403 3538 1504 3628 (9)
1547 3539 1873 3605 sententia
1910 3534 2271 3625 flagitaret3
2314 3537 2593 3605 alterum
2637 3563 2775 3607 ver-

634 3672 776 3716 sum
850 3650 1064 3736 ipsum
1131 3647 1622 3714 vitiosissimum
1699 3667 1841 3710 esse
1925 3666 2055 3710 non
2136 3641 2346 3731 magis
2416 3650 2773 3736 perspexit,

634 3777 826 3843 quam
885 3756 1227 3843 quisquam
1284 3776 1529 3835 eorum,
1589 3752 1702 3839 qui
1762 3760 1912 3839 post
1966 3749 2147 3818 illum
2201 3752 2323 3820 has
2370 3752 2633 3840 eclogas
2678 3776 2777 3820 re·

634 3869 1104 3947 cognoverunt.
1199 3859 1376 3941 Quid
1455 3856 1676 3923 enim?
1764 3856 1907 3925 illa:
1990 3860 2190 3948 „quis
2270 3881 2470 3943 error,
2558 3860 2773 3941 Quem

631 3966 868 4031 luimus
914 3967 1170 4031 tantis
1214 3963 1814 4031 moeroribus?“
1863 3986 1991 4054 quo
2034 3965 2299 4031 tandem
2331 3975 2524 4052 pacto
2556 3965 2775 4028 existi-

633 4092 882 4139 memus
949 4072 1108 4137 ferri
1174 4070 1414 4160 posse?
1516 4071 1735 4153 Quum
1804 4072 1978 4137 enim
2044 4091 2452 4137 moerores
2522 4075 2775 4133 constet

631 4199 766 4244 non
809 4178 964 4266 poni
1009 4176 1134 4242 nisi
1179 4177 1249 4241 in
1296 4175 1721 4263 designandis
1765 4174 2026 4244 fletibus
2073 4187 2139 4243 et
2182 4173 2552 4265 planctibus
2594 4180 2776 4262 (quo-

633 4306 777 4350 rum
829 4284 1224 4349 mentionem
1266 4303 1384 4348 suo
1422 4280 1566 4349 loco
1606 4283 1750 4348 fieri
1784 4282 2083 4350 videmus
2116 4306 2181 4349 v.
2221 4283 2325 4347 11.
2367 4280 2483 4345 12:
2524 4279 2771 4346 cernite

633 4388 879 4457 fletus
935 4389 1471 4475 Liventesque
1533 4411 1780 4477 genas
1825 4398 1893 4454 et
1937 4388 2185 4456 credite
2230 4383 2772 4477 planctibus),
