3234 4967
1293 397 1515 450 Adnot.
1553 396 1647 449 42.
2460 393 2542 463 65

393 626 560 688 „nos
602 603 1008 668 meminimus
1053 600 1214 668 illud
1261 605 1362 668 111.
1413 603 1475 686 3,
1525 601 1689 668 205:
1722 600 1929 668 Audit
1961 610 2027 668 et
2055 602 2334 670 immites
2365 602 2541 672 lente

393 708 829 775 descendit
873 708 960 774 ad
998 708 1336 774 umbras.
1408 707 1690 774 Illustrat
1722 708 1917 775 etiam
1947 708 2107 774 illud
2138 709 2425 777 Senecae
2460 712 2541 778 de

392 824 604 880 morte
653 815 914 883 claua:
964 814 1119 879 dum
1152 813 1559 879 descendunt
1597 837 1719 903 per
1746 815 1919 880 viam
1964 837 2228 900 sacram,
2274 819 2546 885 interro-

343 991 348 996 ,
393 930 506 1007 gat
549 921 916 986 Mercurius
963 959 1053 970 —-
1097 943 1251 985 num
1301 919 1560 986 Claudii
1603 920 1800 986 funus
1847 923 2064 986 esset?
2111 961 2200 973 --
2244 923 2541 995 Delecta-

392 1026 588 1091 batur
617 1024 924 1092 laudibus
953 1027 1087 1092 suis
1128 1024 1446 1092 Claudius
1478 1035 1544 1091 et
1587 1026 1893 1114 cupiebat
1933 1027 2179 1096 diutius
2221 1042 2541 1118 spectare.

393 1130 589 1198 ovid.
639 1131 797 1197 Met.
846 1130 966 1197 IV.
1014 1131 1164 1197 434.
1216 1131 1464 1198 Lucan.
1512 1131 1634 1198 VI.
1682 1131 1880 1198 653.“

1332 1372 1418 1451 V.
1480 1371 1602 1454 43.

570 1557 769 1641 „Sed
817 1558 1164 1648 summa)
1215 1568 1286 1624 ut
1328 1560 1398 1624 in
1455 1581 1704 1625 summo
1760 1581 1907 1623 meo
1965 1572 2257 1650 periculo
2306 1582 2372 1638 et
2419 1569 2543 1636 dig-

393 1665 719 1730 crimine“
787 1665 1016 1732 Barth.
1064 1664 1155 1731 At
1201 1665 1663 1732 Marklandus:
1724 1667 2121 1754 „cujusnam
2180 1687 2335 1731 usus
2393 1669 2542 1726 sunt

391 1771 554 1836 istae
603 1793 799 1836 voces
847 1771 993 1837 sed
1040 1771 1386 1838 summa?
1431 1771 1580 1858 Ego
1632 1773 1896 1861 quidem
1940 1773 2184 1838 nesci0.
2260 1769 2542 1856 Corrup-

389 1887 494 1942 tas
541 1899 684 1942 esse
731 1878 886 1960 scie,
935 1877 1053 1942 sed
1085 1899 1216 1943 non
1249 1900 1514 1966 possum
1543 1879 1612 1944 in
1644 1901 1955 1966 praesens
1984 1878 2254 1944 mederi.
2325 1875 2540 1941 Video

391 2005 503 2048 eas
547 1993 836 2049 tentasse
894 1984 1238 2050 Heinsium
1293 1985 1382 2051 ad
1443 1983 1639 2052 ovid.
1687 1984 1878 2052 Pont.
1928 1987 2042 2051 IV.
2094 1985 2170 2049 11
2187 2034 2206 2068 ,
2271 1983 2357 2046 20
2416 1980 2539 2046 hoc

390 2089 617 2164 modo:
665 2089 783 2158 sed
829 2113 1044 2156 vana.
1136 2089 1517 2160 Infeliciter:
1569 2086 1765 2159 nemo
1812 2091 1984 2156 enim
2027 2089 2285 2179 quaerit
2336 2109 2541 2154 vana

390 2195 678 2262 fomenta
722 2195 1106 2264 vulneribus
1153 2199 1306 2264 suis.
1397 2197 1539 2264 Nisi
1584 2185 1661 2258 τὸ
1716 2218 1883 2264 vana
1942 2193 2413 2262 adverbialiter
2472 2201 2539 2258 et

393 2299 649 2369 Graeco
707 2325 886 2369 more
943 2326 1063 2390 pro
1126 2304 1442 2369 frustra
1499 2304 1665 2368 sumi
1720 2302 2003 2370 voluerit
2063 2303 2165 2368 vir
2222 2322 2535 2385 summus3

391 2407 716 2495 quomodo
747 2418 970 2475 tamen
999 2408 1244 2476 Statius
1273 2431 1407 2474 non
1439 2410 1809 2497 scripsisset
1832 2416 2106 2496 propter
2136 2406 2535 2492 ambiguum.

389 2513 586 2580 Latet
631 2515 972 2602 epitheton
1030 2507 1150 2576 τοῦ
1205 2515 1558 2582 fomenta.“
1620 2519 1720 2582 lta
1747 2513 1857 2580 ille
1888 2511 1959 2580 id
1988 2516 2203 2602 ipsum
2232 2514 2534 2578 nimirum

391 2619 772 2704 defendens„
831 2620 1008 2709 quod
1067 2622 1410 2709 nequierat
1462 2630 1827 2687 monstrare
1887 2621 2078 2709 quale
2128 2629 2320 2686 esset.
2413 2618 2540 2685 Cui

385 2727 616 2791 merito
709 2736 886 2793 certe
965 2726 1072 2792 hic
1151 2749 1284 2792 non
1367 2728 1643 2794 accessit
1723 2727 2135 2793 Duebnerus.
2259 2726 2529 2808 Verum,

386 2832 629 2920 inquit,
699 2834 988 2900 restituit
1063 2833 1388 2900 Weberus
1454 2856 1538 2898 ex
1606 2834 1751 2898 cod.
1820 2832 2066 2898 Rehd.:
2138 2829 2536 2915 vulneribus,

387 2961 594 3028 quae
656 2961 931 3022 summa,
1002 2940 1208 3004 meis“
1268 2938 1463 3027 (quae
1525 2938 1758 3005 eadem
1816 2940 2034 3025 posuit
2083 2936 2421 3020 Queckius
2467 2961 2532 3024 p.

387 3043 701 3135 XXVlI).
763 3045 835 3110 ln
865 3043 1326 3130 Rehdigerano
1361 3045 1534 3110 enim
1567 3054 1670 3110 est
1698 3043 2243 3133 vulneribusque
2288 3067 2537 3109 summa

389 3149 657 3240 (quae,
705 3160 780 3217 ut
827 3151 986 3216 dicit
1032 3150 1338 3215 lmhofius
1384 3173 1449 3238 p.
1497 3150 1651 3239 41)3
1714 3160 1971 3216 constat
2029 3159 2245 3216 autem
2303 3159 2369 3214 et
2413 3150 2535 3234 „in

388 3279 539 3344 que
587 3267 654 3322 et
700 3280 902 3346 quae
947 3295 1038 3308 ---
1082 3255 1552 3344 permiscendis
1601 3257 1969 3320 sexcenties
2000 3264 2343 3345 peccatum
2392 3279 2533 3321 esse

387 3386 428 3428 a
472 3363 798 3430 librariis“
861 3363 1093 3453 (Seyff.
1155 3361 1291 3428 Cic.
1323 3352 1533 3429 'Tusa
1579 3361 1693 3427 lV.
1744 3361 1817 3445 6,
1872 3363 1955 3426 14
2009 3385 2074 3450 p.
2126 3360 2265 3426 w)
2312 3372 2409 3446 et,
2466 3362 2537 3428 id

537 3586 590 3652 Ι’)
627 3587 776 3640 Unde
813 3603 918 3640 non
959 3585 1142 3642 dubito
1169 3587 1453 3656 Corippi
1490 3586 1667 3640 locum
1704 3586 1890 3640 Joann.
1919 3583 2027 3638 vu.
2054 3586 2183 3638 2¹4:
2220 3586 2346 3648 Nec,
2384 3588 2534 3647 socii.

623 3679 888 3726 transacta
939 3673 1055 3726 dies
1105 3689 1206 3725 neo
1254 3674 1484 3726 crastina
1531 3688 1743 3741 pugnae
1794 3671 1925 3740 Apta
1971 3672 2127 3728 datur
2174 3673 2535 3742 dominoque

624 3766 828 3812 sacrata
857 3775 956 3828 per
988 3759 1172 3812 orbem
1203 3764 1318 3812 est·‘
1353 3759 1593 3824 (durae
1632 3759 2049 3828 dominoque
2085 3759 2165 3810 vel
2207 3760 2319 3819 nia
2357 3760 2531 3810 enim

623 3843 812 3909 Bekk.)
847 3845 950 3898 hoc
985 3847 1360 3915 supplemento
1399 3845 1692 3898 resarcire:
1744 3844 1962 3896 domino
2000 3859 2173 3913 quae
2224 3843 2531 3896 desacrata

623 3945 721 3998 per
757 3931 940 3983 orbem
981 3937 1112 3992 es(‚‘·
1152 3946 1206 3983 ut
1244 3938 1322 3983 est
1359 3930 1502 4000 apud
1543 3930 1763 3982 Statium
1803 3928 1963 3982 Theb.
2003 3926 2085 3982 lx.
2122 3929 2253 3982 584:
2292 3929 2533 3994 Quercus

623 4022 752 4078 erat,
801 4015 1004 4068 Triviae
1055 4033 1210 4086 quam
1262 4017 1763 4068 desacraverat
1811 4014 1973 4084 ipsa“
2024 4015 2090 4067 cf.
2130 4013 2277 4067 Dres.
2314 4015 2533 4084 loseph.

622 4096 720 4152 lso.
768 4097 807 4153 l.
849 4101 945 4152 281
1003 4117 1054 4170 p.
1107 4101 1188 4154 ¹9.
1239 4100 1404 4154 Salm.
1451 4101 1733 4170 Capitolia.
1785 4100 1853 4153 M.
1902 4101 2150 4152 Antonin.
2196 4101 2261 4153 18
2318 4118 2370 4170 p.
2416 4101 2533 4153 360.

621 4185 885 4250 Quantum
935 4193 1110 4239 autem
1161 4187 1248 4238 hio
1283 4186 1436 4240 Statii
1473 4185 1700 4247 oblivio,
1752 4193 1951 4238 tantum
1990 4187 2289 4240 recordatio
2332 4183 2533 4254 Virgilii

621 4271 744 4323 Aen.
781 4269 862 4324 IX.
900 4270 1002 4324 340
1039 4279 1091 4324 et
1127 4268 1187 4324 X.
1226 4271 1352 4323 724:
1403 4271 1660 4324 Suadet
1705 4272 1844 4324 enim
1885 4287 2077 4326 vesana
2114 4273 2318 4326 sames‘·
2354 4276 2535 4334 nocuit

617 4357 664 4408 ei
705 4357 843 4416 loco,
879 4359 968 4427 qui
1007 4353 1092 4410 lv.
1131 4357 1264 4408 1088
1301 4357 1377 4408 sic
1415 4356 1637 4423 legiturz
1676 4356 1913 4419 „leone-S,
1954 4357 2320 4426 persuadet
2358 4376 2533 4427 quos

619 4442 750 4494 dura
790 4444 1008 4495 fames.“
1047 4443 1218 4507 Quem
1259 4443 1592 4495 librariorum
1634 4459 1868 4496 errorem
1907 4442 2092 4495 tollere
2124 4451 2425 4512 promptum
2455 4451 2532 4495 est

691 4527 819 4581 stat.
857 4528 1040 4598 Eclog.
1219 4541 1234 4548 ·
2162 4531 2191 4580 5

3147 0 3196 128 -,-Δ
