3234 4967
1340 393 1574 448 Adnot.
1620 395 1703 447 12.
2500 393 2586 459 23

441 579 591 661 Quo
649 587 750 644 tot
803 581 1362 647 incommodorum
1422 584 1714 650 remedio
1774 584 1936 649 nihil
1998 607 2139 650 esse
2201 580 2453 648 facilius
2500 607 2586 648 ex

441 685 521 748 iis
566 683 726 751 locis
774 686 1184 772 intelligitur,
1231 690 1298 752 in
1345 689 1584 776 quibus
1630 691 2010 778 equidem
2058 713 2177 778 pro
2225 690 2585 776 equitem

441 793 750 880 scriptum
805 817 946 859 esse
994 794 1339 860 adnotavit
1379 796 1963 862 Drakenborchius
2020 797 2168 861 Liv.
2202 795 2308 860 Vl.
2347 797 2450 877 12,
2503 797 2587 860 10

439 921 504 984 p.
542 899 690 981 116,
739 899 840 964 de·
869 923 1000 988 qua
1044 923 1116 966 re
1161 901 1464 967 Handius
1499 904 1690 968 Turs.
1738 902 1803 968 ll.
1836 926 1900 990 p.
1933 902 2065 968 436
2113 925 2298 967 secus
2343 900 2585 967 retulit.

439 1003 668 1090 Neque
715 1005 1054 1090 indignum
1103 1017 1303 1094 poeta
1348 1031 1525 1092 esse,
1575 1010 1753 1097 quod
1799 1010 2337 1091 instauravimuS,
2395 1008 2588 1073 docu-

440 1119 661 1175 mento
725 1121 822 1176 est
868 1112 1048 1177 locus
1096 1113 1255 1178 Silv.
1289 1115 1372 1179 V.
1408 1117 1469 1198 2,
1508 1117 1619 1180 182
1669 1117 1862 1198 „Non
1908 1123 1975 1180 te
2022 1116 2223 1180 series
2268 1114 2589 1180 inhonora

441 1224 783 1301 parentum
828 1257 918 1266 --
962 1218 1305 1307 Plebeja
1351 1221 1444 1284 de
1493 1222 1748 1309 stirpe
1796 1221 1972 1305 tulit3
2030 1243 2162 1285 non
2204 1221 2585 1306 sanguine
2654 1285 2661 1290 .

442 1331 658 1387 cretus
690 1323 1018 1389 Turmali
1065 1325 1706 1414 trabeaque'Remi“
1754 1328 1834 1391 cf.
1882 1327 1945 1392 ll.
2000 1331 2057 1408 1,
2111 1328 2267 1392 199:
2316 1328 2589 1412 „ignota

448 1428 659 1492 credit
692 1427 784 1492 de
819 1431 1078 1518 stirpe
1110 1436 1541 1518 nepotum“
1575 1431 1795 1520 (Virg.
1818 1431 1987 1497 Aen.
2014 1431 2120 1497 Vl.
2148 1432 2300 1496 864.
2336 1430 2583 1497 Auson.

446 1533 594 1598 Par.
642 1534 744 1617 14,
793 1535 866 1601 5:
915 1558 1342 1623 procerum
1400 1537 1489 1601 de
1539 1537 1857 1626 stirpe.)
1899 1538 1982 1602 V.
2026 1539 2088 1620 3,
2142 1539 2296 1603 109:
2344 1537 2471 1620 „Si
2514 1546 2586 1601 tu

444 1639 694 1728 stirpe
739 1647 1040 1706 vetus.“
1089 1643 1294 1708 Theb.
1340 1642 1446 1707 lV.
1497 1644 1657 1708 747:
1717 1643 2042 1710 Mortali
2102 1643 2183 1708 de
2231 1644 2433 1730 stirpe
2478 1665 2588 1707 ne-

442 1750 669 1831 gant.“
739 1747 917 1829 Quid
971 1758 1189 1814 autem
1243 1749 1591 1814 dilucidius
1639 1749 1764 1814 hoc
1810 1751 2278 1814 sententiarum
2328 1748 2586 1840 ordine:

443 1852 752 1932 „viscera
774 1862 1002 1918 nostra
1023 1865 1253 1919 tenens
1281 1855 1585 1921 avellitur
1609 1857 1823 1921 infans
1850 1879 1971 1935 nee
1995 1855 2197 1921 nobili
2221 1855 2365 1920 loco
2396 1865 2588 1920 natus

441 1980 566 2022 nec
610 1957 781 2022 filius
819 1961 1106 2024 meus?“
1177 1961 1420 2048 quidve
1455 1963 1861 2027 emendatius
1904 1985 1984 2026 ea
2018 1963 2326 2028 orationis
2356 1961 2586 2042 forma,

445 2087 575 2152 qua
597 2088 765 2152 quae
791 2067 1090 2131 usitatius
1123 2076 1236 2131 aut
1265 2067 1390 2132 hoc
1419 2068 1616 2133 modo
1648 2068 1830 2132 licuit
1854 2069 2117 2133 efferre:
2149 2068 2427 2151 „infanS,
2453 2066 2591 2154 qui

445 2193 589 2236 nee
615 2170 696 2236 de
733 2173 933 2258 stirpe
969 2173 1262 2259 equitum
1285 2182 1739 2262 prognatus
1766 2185 1985 2238 esset
2009 2196 2133 2238 nec
2155 2195 2302 2238 mea
2326 2175 2590 2238 nomina

443 2287 512 2342 et
557 2299 674 2342 ora
717 2278 920 2342 ferret
940 2283 980 2316 “
1041 2287 1155 2343 aut
1200 2277 1352 2345 hoc:
1414 2279 1688 2361 „infans
1734 2300 1867 2343 non
1914 2279 1996 2344 de
2048 2281 2249 2366 stirpe
2298 2279 2587 2365 equitum

443 2391 894 2470 prognatus
941 2405 1062 2448 nec
1108 2405 1255 2448 mea
1299 2385 1563 2449 nomina
1609 2399 1677 2449 et
1726 2406 1843 2449 ora
1885 2385 2331 2466 referensf‘
2362 2383 2590 2447 maluit

443 2498 642 2576 poeta
700 2489 801 2552 his
860 2489 1191 2609 amplecti:
1238 2491 1506 2573 „infans
1552 2513 1684 2555 non
1732 2491 1813 2556 de
1862 2491 2063 2576 stirpe
2112 2491 2400 2576 equitum
2446 2511 2591 2554 nec

446 2596 582 2682 qui
625 2617 774 2659 mea
818 2596 1082 2660 nomina
1129 2617 1373 2682 oraque
1420 2597 1779 2661 se1'1·et?“
1858 2595 1949 2660 Et
1998 2597 2219 2660 omissi
2264 2596 2591 2684 participii

445 2710 706 2783 satus,
779 2701 1113 2785 genitus
1184 2702 1444 2787 quidem
1515 2703 1819 2791 exempla
1888 2705 2045 2768 satis
2101 2702 2306 2768 multa
2362 2725 2592 2791 expro-

443 2807 668 2874 mendi
729 2806 922 2894 eopia
966 2805 1080 2870 fiet
1125 2806 1195 2869 in
1240 2805 1565 2872 Emendd.
1622 2809 1819 2894 Prop.
1867 2807 1975 2872 Vl.
2023 2810 2086 2890 3,
2134 2807 2394 2874 relativi
2449 2813 2593 2895 pio·

445 2914 725 2981 nominis
772 2921 989 2977 aute‘m
1041 2935 1224 2976 usum
1273 2913 1673 3001 explanandi
1717 2915 1785 2977 in
1844 2913 2076 2979 eodem
2132 2913 2301 2979 libro
2347 2913 2500 2978 Vlll.
2548 2915 2589 2978 3

445 3029 581 3085 not.
615 3019 722 3083 64.
799 3018 996 3100 Quod
1043 3026 1368 3105 superestt
1416 3041 1592 3105 „pro
1644 3041 1920 3106 oraque
1972 3041 2193 3084 orave
2241 3018 2591 3105 legendum

450 3129 645 3191 esse“
701 3125 954 3188 censuit
1016 3123 1466 3207 MarklanduS,
1527 3125 1638 3212 qui
1694 3124 1867 3190 idem
1918 3149 1981 3190 v.
2024 3127 2109 3190 67
2160 3125 2589 3212 doctumque

453 3230 650 3297 scribi
704 3229 952 3312 maluit,
1025 3253 1218 3317 quam
1278 3232 1667 3296 doctumve.
1773 3232 2139 3296 Immerito:
2208 3252 2420 3317 neque
2480 3239 2593 3294 aut

449 3347 642 3404 vacat
701 3346 815 3400 aut
873 3358 1036 3424 opus
1103 3345 1202 3401 est
1259 3345 1666 3424 pertractare
1728 3360 1867 3402 rem
1926 3359 2069 3401 cum
2130 3359 2170 3401 a
2225 3335 2445 3401 multis
2499 3338 2593 3401 in-

451 3445 752 3510 choatam
799 3453 939 3506 tum
987 3465 1027 3508 a
1073 3442 1302 3509 Coi-tio
1349 3443 1593 3507 Lucan.
1644 3443 1686 3506 l.
1738 3444 1868 3507 252
1912 3465 1977 3530 p.
2030 3443 2111 3508 76
2160 3465 2254 3530 sq.
2326 3441 2590 3508 Handio

453 3549 613 3616 silv.
661 3547 704 3613 l.
754 3550 814 3629 2,
869 3548 996 3612 160
1040 3570 1104 3635 p.
1153 3549 1302 3613 281.
1363 3549 1702 3634 Wagnero
1738 3550 2007 3630 Quaest.
2040 3550 2227 3634 Virg.
2276 3547 2590 3612 XXXIV.

454 3660 511 3722 1.
571 3678 636 3742 p.
693 3654 844 3719 552.
901 3653 1216 3718 XXXVI.
1283 3655 1342 3718 7.
1404 3675 1466 3740 Ρ.
1517 3654 1649 3718 573
1708 3677 1849 3741 sqq.
1929 3654 2343 3739 Dillenburg.
2402 3653 2443 3717 l.
2508 3653 2591 3718 ab

449 3761 696 3830 Orellio
743 3759 904 3825 Hor.
955 3759 1172 3826 Oarm.
1220 3759 1307 3824 lll.
1362 3763 1418 3843 1,
1468 3760 1551 3824 23
1600 3780 1665 3845 Ρ.
1714 3760 1843 3826 336
1894 3759 1957 3824 d.

1404 3962 1476 4036 V.
1522 3961 1615 4035 12.

625 4077 760 4143 Alii
832 4076 1022 4142 aliter
1078 4076 1386 4142 videntur
1456 4076 1621 4141 haec
1676 4077 1879 4142 verba
1951 4077 2364 4164 interpretati
2421 4095 2591 4142 esse:

447 4207 730 4272 namque
763 4181 1291 4269 Lindenbrogius
1342 4185 1434 4247 sic
1483 4183 1854 4270 descripsit:
1903 4183 2195 4265 „credite
2229 4182 2597 4271 planctibus

453 4289 656 4356 orbi.
729 4289 988 4355 Orbus
1036 4293 1228 4374 eg0.“
1276 4289 1701 4376 similiterque
1746 4289 2184 4355 Veenhusius:
2230 4288 2597 4376 planctibus

339 4377 348 4387 ⁸
403 4394 666 4478 ‚orbi,
718 4393 986 4460 Orbus
1035 4395 1241 4480 eget'
1282 4395 1709 4459 Duebnerus:
1769 4395 2135 4481 planctibus
2184 4395 2416 4476 orbi3,
2461 4392 2598 4457 Or-
