3234 4967
1261 384 1513 437 Adnot.
1556 383 1648 436 80.
2447 380 2567 449 129

414 566 678 633 adfixi
723 568 859 635 vid.
890 569 1048 657 Lyr.
1092 572 1177 637 ad
1210 571 1437 641 Sever.
1477 571 1580 653 18,
1631 522 1813 659 quod
1852 571 2248 637 teneriorem
2294 591 2562 659 quoque.

413 673 721 739 affectum
790 677 1120 763 exprimit.
1180 716 1267 727 -—
1325 676 1658 743 Ausonius
1728 676 1937 743 Protr.
2011 676 2125 741 67:
2195 676 2348 764 Ipse
2419 677 2554 743 alui

413 781 864 869 gremioque
940 782 1227 849 fovens
1304 791 1373 848 et
1445 804 1858 848 murmura
1927 781 2260 849 solvens
2335 782 2553 871 palam

410 886 699 953 imitatur
756 886 928 953 hunc
985 888 1179 955 Statii
1232 886 1449 958 locum
1492 927 1581 937 -—
1629 898 1695 955 et
1751 886 1902 963 hinc
1964 889 2162 953 etiam
2218 888 2556 955 stabilitur

412 996 807 1079 gremium
859 1018 982 1085 pro
1050 998 1452 1082 gemitum.
1516 997 1601 1063 Si
1661 997 1806 1084 quis
1873 995 2084 1081 magis
2155 995 2556 1064 verosimilia

411 1101 709 1187 proferre
755 1104 964 1190 possit
1008 1102 1117 1169 vel
1160 1102 1325 1169 haec
1370 1124 1527 1169 vere
1574 1102 1882 1185 refutare,
1931 1102 2142 1167 libens
2181 1123 2306 1187 ego
2337 1103 2558 1167 vineta

412 1206 685 1273 caedam
728 1229 895 1273 mea.
914 1212 955 1246 “
1061 1208 1246 1275 Haec
1292 1207 1754 1291 Marklandus,
1815 1230 1980 1295 quae
2025 1207 2264 1275 nullius
2309 1210 2560 1295 negotii

412 1321 513 1379 est
557 1336 715 1379 vere
773 1315 1083 1381 refutare.
1178 1315 1357 1399 Quid
1404 1317 1577 1382 enim
1622 1315 1948 1381 incautius
1994 1323 2192 1403 atque
2238 1314 2559 1385 inconsul-

409 1422 539 1485 tius
585 1422 869 1508 proferri
912 1431 1152 1510 potest,
1202 1444 1399 1511 quam
1446 1423 1501 1491 si
1546 1423 1694 1510 quis
1731 1421 2056 1505 librarios,
2105 1442 2379 1508 quorum
2411 1444 2558 1487 ocu-

409 1523 488 1590 lis
558 1528 853 1616 subjecta
921 1538 1141 1595 essent
1208 1528 1354 1597 illa:
1416 1529 1774 1616 concupii,
1833 1529 2252 1610 monstravi,
2317 1529 2568 1611 erexi,

408 1633 555 1720 ipsa
598 1656 679 1700 ea
720 1633 947 1719 verba,
997 1658 1165 1723 quae
1212 1646 1281 1701 et
1326 1635 1617 1725 ejusdem
1666 1634 1914 1701 ordinis
1960 1642 2180 1700 essent
2225 1642 2293 1697 et
2337 1634 2560 1699 media

409 1736 503 1827 (v.
553 1738 669 1829 81)
729 1742 1119 1829 interposita
1166 1740 1259 1831 (v.
1308 1742 1636 1807 69—72.
1687 1741 1791 1806 74.
1841 1742 1948 1805 80.
1998 1739 2144 1829 83),
2207 1749 2432 1805 narrat
2486 1742 2556 1805 in

408 1842 740 1939 diuersam
786 1847 1061 1914 formam
1108 1846 1457 1915 deflexisse
1504 1847 1704 1913 hanc:
1766 1846 2140 1936 implicuit
2184 1845 2555 1935 fixitque?

410 1951 651 2039 quidve
710 1951 921 2019 levius
978 1956 1108 2020 ista
1168 1952 1321 2020 non'
1356 1954 1553 2020 modo
1610 1954 2022 2019 tritissimum
2077 1976 2315 2019 nomen
2371 1975 2512 2039 gre
2534 1992 2556 2001 -

407 2058 647 2122 mium
708 2058 961 2147 (Burm.
1019 2059 1221 2127 Anth.
1285 2060 1431 2125 Lat.
1478 2061 1591 2127 lV.
1649 2060 1736 2125 80
1781 2084 1844 2148 p.
1893 2058 2001 2123 55.
2049 2060 2255 2127 Marc.
2305 2058 2552 2147 Oapell.

408 2162 523 2229 lX.
571 2164 701 2229 918
748 2188 813 2253 p.
864 2168 1024 2233 713:
1075 2166 1550 2255 Gremioque
1599 2162 2190 2255 complicatus)
2237 2168 2306 2231 in
2337 2166 2551 2231 locum

406 2269 588 2335 vocis
634 2270 1013 2355 genitum
1060 2272 1456 2357 sufficiendi,
1506 2274 1626 2339 sed
1669 2294 1877 2360 prope
1927 2271 2184 2359 singula
2227 2272 2554 2337 vocabula

406 2376 917 2444 transmutandi:
978 2372 1413 2465 gremium,
1494 2378 1840 2466 adplicui,
1910 2400 2164 2443 meum
2239 2378 2552 2444 licentia?

406 2480 633 2563 Quid?
692 2483 1110 2551 insolentiam
1157 2486 1506 2569 orationis,
1566 2508 1696 2573 qua
1740 2486 2134 2572 gremium
2182 2486 2390 2571 patris
2437 2486 2565 2549 in-·

404 2586 614 2653 fanti
675 2588 1160 2678 adplicitum
1218 2600 1415 2680 atque
1472 2591 1642 2657 adeo
1700 2591 2039 2656 affixum
2097 2590 2370 2674 dicitur,
2418 2614 2551 2656 non

405 2694 673 2761 infans
740 2698 810 2761 in
885 2699 1205 2784 gremium
1276 2700 1483 2787 patris
1552 2698 1880 2764 infusus
1949 2696 2141 2779 (libet
2213 2698 2384 2763 enim
2451 2700 2550 2763 uti

404 2800 623 2868 verbis
668 2800 1003 2870 Ambrosii
1047 2804 1365 2871 Hexaem.
1400 2806 1479 2871 V.
1533 2806 1593 2870 7.
1641 2804 1902 2871 Peerlk.
1937 2804 2124 2891 Virg.
2156 2804 2324 2873 Aen.
2359 2804 2548 2870 VIII.

403 2930 468 2994 p.
506 2908 695 2999 117),
744 2911 889 2997 quis
934 2911 1201 2977 tandem
1245 2911 1355 2978 vel
1399 2912 1821 2979 mediocriter
1866 2910 2134 2976 tulerit?
2183 2910 2412 2993 Quid?
2459 2913 2550 2975 in-

403 3013 647 3081 fantem
690 3038 963 3083 narrare
995 3042 1060 3085 V.
1097 3020 1183 3084 70
1230 3027 1714 3107 susceptum
1761 3017 1886 3107 (ita
1933 3018 2104 3083 enim
2138 3017 2296 3082 dicit
2325 3016 2548 3083 Mark-

402 3118 635 3187 landus
665 3146 733 3211 p.
765 3123 919 3189 410.
954 3123 1046 3213 a),
1079 3148 1142 3190 v.
1176 3124 1264 3189 80
1294 3125 1607 3211 gremio
1642 3123 2133 3212 adplicitum
2167 3122 2544 3189 affixum-

402 3249 549 3315 que,
608 3253 675 3295 v.
736 3230 825 3295 84
884 3232 1068 3296 sinu
1126 3240 1557 3319 exceptum
1619 3229 1889 3320 (Markl.
1943 3253 2009 3317 p.
2057 3229 2209 3294 412.
2261 3227 2331 3317 b)
2388 3252 2543 3295 num

402 3344 517 3399 aut
572 3337 1001 3423 praestitutae
1062 3338 1371 3403 carminis
1428 3338 1678 3404 formae
1741 3336 2136 3404 conveniens
2195 3344 2310 3400 aut
2353 3335 2544 3401 ullius

400 3443 672 3508 rationis
719 3442 864 3509 est‘?
942 3442 1076 3509 Sed
1121 3445 1281 3509 satis
1314 3446 1457 3532 jam
1506 3452 1771 3509 cautum
1804 3444 2067 3509 videtur
2113 3464 2275 3526 esse,
2322 3464 2428 3526 ne,
2475 3443 2546 3509 id

402 3548 575 3635 quod
632 3550 704 3615 in
760 3548 953 3615 simili
1012 3571 1211 3615 causa
1268 3551 1523 3615 monuit
1583 3548 1957 3615 Gronovius
2011 3548 2226 3615 Diatr.
2285 3572 2346 3636 p.
2410 3549 2538 3634 58⁵7

398 3676 572 3743 „pro
632 3656 907 3744 Papinio
965 3656 1225 3743 legatur
1238 3661 1277 3695 “
1338 3654 1786 3723 Marklandus.
1883 3656 2063 3737 Quid
2121 3655 2268 3721 dico
2325 3655 2543 3751 Mark-

398 3759 679 3828 landus?
724 3764 923 3829 immo
952 3759 1263 3830 Barthius
1310 3772 1509 3851 atque
1549 3763 1880 3829 Heinsius·
1974 3763 2163 3844 Nam,
2213 3762 2266 3827 si
2313 3783 2540 3827 verum

398 3870 693 3955 quaeris,
739 3869 1051 3937 Barthius
1108 3868 1271 3935 illud
1313 3869 1650 3957 Implicui
1695 3868 1972 3955 fixique
2019 3888 2389 3954 proponere
2439 3890 2539 3931 oc-

397 3977 665 4063 cupavit
680 4026 698 4060 ,
748 3976 905 4067 quid
962 3987 1178 4043 autem
1222 3977 1498 4043 Heinsio
1546 3973 2115 4041 transcribendum
2165 3976 2278 4058 sit,
2329 3973 2566 4039 decla-·

395 4092 546 4148 rant
591 4082 997 4151 Adversaria
1053 4086 1192 4173 ejus
1237 4082 1280 4148 l.
1330 4082 1392 4148 d.
1440 4106 1505 4170 p.
1554 4080 1704 4145 595.
1753 4081 1910 4147 596:
1958 4081 2403 4165 „gemitum
2450 4118 2538 4129 --

396 4188 838 4276 Implicuit.
932 4192 1132 4257 Immo
1180 4190 1572 4277 gremium
1617 4188 1960 4275 Implicuit.
2009 4208 2309 4273 gemam
2355 4210 2538 4274 prae-

394 4306 703 4361 cesserat.
750 4334 837 4347 ——-·
883 4296 1213 4364 Ausonius
1273 4294 1505 4383 ldyllio
1566 4295 1656 4360 ad
1713 4294 2064 4380 Nepotemt
2125 4294 2536 4384 Ipse-'alui

396 4425 440 4487 g
457 4425 489 4467 r
502 4424 539 4466 e
552 4403 707 4467 mio
720 4426 845 4491 que
906 4405 982 4469 fo
997 4428 1041 4470 v
1058 4427 1093 4468 e
1110 4427 1153 4469 n
1169 4428 1199 4469 s
1258 4414 1325 4469 et
1380 4424 1714 4467 murmura
1761 4399 2086 4467 solvens.“
2182 4400 2358 4483 Quid
2394 4404 2535 4489 jam

705 4511 831 4563 stat.
868 4510 1049 4579 Eclog.
2201 4508 2233 4559 9
