3234 4967
680 390 777 437 218
1065 373 1076 384 ’
1349 429 1356 439 „
1515 385 1791 448 Conjeet.
1832 385 1981 435 XIV.

672 553 714 606 δ’
754 554 902 627 ἔρωτι
939 547 1135 606 Κὺδνου
1170 551 1254 604 καὶ
1289 553 1484 624 νύμφης
1521 551 1868 606 ὒδατόεντα
1905 555 2078 622 γάμον.
2150 556 2262 606 Nisi
2301 558 2379 606 cui
2418 559 2684 606 obscurum
2723 563 2815 616 est,

673 657 826 704 qnam
865 642 1128 702 praeclare
1166 649 1218 691 et
1254 643 1319 690 ad
1358 641 1701 704 adjuvandam
1738 638 1843 690 loci
1880 643 2179 692 sententiam
2218 650 2267 690 et
2302 645 2383 692 ad*
2405 643 2681 692 tollendam
2709 657 2816 690 eam

674 725 1045 788 difficultatem,
1085 742 1236 788 qua-m
1263 727 1419 775 habet
1443 727 1603 774 oratio
1641 727 1731 774 illa
1754 741 2173 790 nequaquaquam
2198 728 2261 776 ab
2292 727 2491 777 Jacobo
2510 728 2543 776 l.
2565 729 2611 778 d.
2638 743 2687 792 p.
2720 729 2815 776 162

673 813 796 862 satis
835 811 1124 876 explicata:
1161 812 1404 860 leniter
1447 838 1499 845 -
1541 811 1827 875 placidis
1883 813 2026 874 aquis
2078 813 2286 876 serpit“,
2341 813 2496 877 prosit
2548 812 2820 860 substituta

675 912 779 946 vox
815 896 1093 962 placitis:

1114 979 1396 1030 Caeruleus
1439 980 1671 1045 placitis
1706 997 1798 1046 per
1833 984 1967 1032 vada
2003 983 2159 1046 serpit
2196 983 2353 1044 aquis.

675 1066 771 1116 Cui
808 1067 1038 1116 instituto
1079 1075 1128 1115 et
1162 1067 1198 1114 ii
1235 1066 1590 1128 suffragantur,
1652 1063 1741 1130 qui
1777 1075 2077 1132 perpetuam
2116 1083 2221 1118 esse
2258 1083 2438 1116 vocum
2476 1068 2731 1130 placitus
2770 1075 2821 1116 et

673 1152 935 1216 placidus
973 1153 1347 1200 contentionem
1387 1147 1674 1201 docuerunt
1699 1151 1987 1202 Gronovius
2025 1151 2151 1205 Stat.
2192 1153 2355 1201 Theb.
2376 1151 2499 1200 VII.
2528 1153 2627 1202 190
2644 1167 2693 1216 p.
2720 1154 2812 1202 571

673 1245 725 1286 et
776 1237 1114 1285 Marklandus
1169 1236 1291 1286 Silv.
1329 1235 1397 1286 V.
1437 1239 1493 1298 5,
1529 1239 1592 1288 37
1648 1253 1698 1302 p.
1734 1239 1851 1287 406.
1911 1238 2145 1287 Heinsius
2200 1235 2471 1288 Claudian.
2527 1236 2602 1288 Id.
2643 1237 2708 1289 V.
2745 1239 2812 1286 43

671 1337 720 1386 p.
761 1323 858 1371 675
915 1329 966 1369 et
1020 1321 1201 1384 quibus
1253 1323 1375 1371 locis
1429 1323 1548 1372 dicit
1585 1322 2035 1372 Drakenborchius
2074 1322 2165 1372 Sil.
2204 1321 2246 1372 1.
2288 1325 2343 1370 ll
2404 1338 2453 1384 p.
2493 1323 2539 1370 3.
2614 1323 2817 1372 Brouk-

672 1407 852 1456 husius
889 1406 1043 1470 Prop.
1082 1407 1122 1455 Ι.
1160 1409 1241 1467 20,
1281 1409 1341 1456 21
1381 1424 1429 1473 p.
1470 1409 1548 1461 84.
1622 1408 1946 1456 Burmannus
1984 1407 2126 1471 virg,
2167 1406 2359 1469 Georg.
2398 1406 2468 1456 11.
2494 1409 2595 1457 425
2633 1421 2684 1472 p.
2712 1408 2811 1456 344

672 1501 723 1540 et
759 1491 888 1540 Aen.
927 1491 1022 1540 IX.
1060 1493 1161 1542 445
1221 1508 1270 1556 p.
1309 1494 1426 1541 427.
1498 1492 1808 1542 Arntzenius
1863 1492 2044 1544 Nazar.
2099 1491 2227 1540 Pan.
2285 1489 2609 1542 Constantia.
2666 1493 2747 1550 38,
2783 1493 2817 1539 4

670 1593 721 1641 p.
761 1578 878 1638 642,
919 1583 972 1624 et
1007 1577 1245 1639 congruit
1282 1578 1621 1626 testimonium
1648 1577 1830 1626 Dionis
1857 1575 2207 1642 chrysostomi
2234 1575 2497 1624 XXXIII.
2534 1592 2584 1640 p.
2618 1563 2694 1636 11,
2721 1577 2816 1628 35:

672 1658 763 1710 οὒκ
802 1657 947 1715 αὐτὸς
985 1657 1011 1709 ὁ
1047 1653 1242 1715 Κύδνος
1277 1658 1404 1710 ἄνω
1440 1657 1918 1730 καθαρώτερος;
1981 1671 2131 1727 atque
2188 1677 2248 1709 ea
2301 1675 2407 1720 res,
2468 1661 2603 1725 quod
2660 1657 2816 1710 hodie

671 1744 904 1811 Cydnum
928 1747 1068 1796 Kara
1105 1773 1169 1781 —
1207 1747 1282 1797 Su
1317 1748 1421 1795 sive
1446 1763 1630 1809 aquam
1657 1748 1852 1810 nigram
1879 1742 2047 1796 {vocari
2086 1753 2237 1794 testes
2274 1754 2394 1794 sunt
2428 1745 2812 1796 Freinshemius

672 1831 816 1882 Curt.
854 1832 953 1881 111.
990 1834 1038 1893 4,
1077 1834 1106 1880 8
1168 1817 1298 1882 extr.
1349 1840 1402 1880 et
1438 1831 1713 1882 Oberlinus
1749 1832 1866 1880 Vib.
1906 1831 2023 1896 Seq.
2062 1849 2107 1896 p.
2150 1833 2230 1882 96.
2304 1832 2485 1882 Solino
2520 1831 2818 1894 Isidoroqne

671 1925 871 1977 autem,
933 1932 1034 1979 quo
1095 1924 1266 1980 partes
1317 1917 1382 1966 ab
1419 1916 1631 1965 Vale-sio
1666 1916 1919 1969 Ammian.
1972 1917 2133 1966 Mare.
2181 1917 2357 1967 XXV.
2400 1920 2487 1976 10,
2528 1918 2557 1967 5
2616 1933 2666 1982 p.
2706 1918 2817 1966 122.

671 1998 1028 2052 Freinshemio
1086 2009 1136 2050 et
1171 2002 1468 2050 Burmanno
1524 2016 1583 2049 ac
1629 2002 1893 2050 Meinekio
1948 2002 2001 2050 ll.
2048 2003 2129 2050 dd.
2184 2003 2447 2052 inchoatas
2502 2002 2817 2066 expleamus,

675 2088 886 2152 adjungi
933 2103 1030 2152 par
1077 2095 1156 2136 est
1203 2085 1439 2138 ovidium
1477 2085 1588 2139 Art,
1626 2084 1743 2134 Am.
1782 2087 1878 2136 111.
1916 2089 2016 2136 204
2053 2086 2279 2149 (Lotieh.
2320 2089 2349 2141 ι,
2390 2089 2488 2152 d.)z
2550 2089 2819 2151 „Lusias

678 2171 958 2238 Cydne.“
1027 2172 1289 2222 Valerium
1327 2172 1612 2221 Maximum
1662 2170 1761 2220 ΙΙΙ.
1803 2175 1831 2220 8
1894 2180 1995 2221 ext.
2036 2173 2093 2223 6:
2153 2189 2351 2236 „aquae
2397 2175 2650 2237 liquore
2698 2187 2816 2222 con-

676 2258 990 2323 spicuuS.“
1061 2257 1256 2307 «Iulium
1296 2257 1561 2306 Valerium
1600 2257 1635 2305 l.
1662 2258 1710 2305 d.
1748 2273 1797 2321 p.
1839 2260 1962 2309 117:
2002 2259 2372 2323 „perspicui
2412 2259 2625 2322 agminis
2663 2257 2816 2306 nimio

678 2343 896 2407 rigore.“
968 2342 1208 2392 Nonnum
1268 2341 1475 2393 XVIII.
1539 2345 1637 2391 287
1699 2338 1897 2408 διαυγέα
1958 2334 2167 2394 Κῦδνον.
2250 2344 2584 2394 Themistium
2622 2342 2707 2395 Or.
2744 2341 2814 2391 ΙΙ.

675 2445 722 2493 p.
758 2431 824 2478 47
863 2412 936 2491 sq.
975 2419 1172 2476 Κὺδνου
1210 2455 1271 2464 -
1308 2429 1398 2476 τοῦ
1433 2429 1663 2493 ποταμοῦ
1711 2426 1907 2497 ψυχροῦ
1946 2423 2141 2492 ῥέοντος
2174 2425 2259 2476 καὶ
2297 2425 2603 2496 διαυγοῦς.
2642 2427 2814 2492 Steph.

675 2513 800 2578 Byz.
837 2529 883 2577 p.
926 2514 1039 2571 605,
1079 2514 1144 2561 23
1182 2509 1441 2573 (Arrhian.
1481 2513 1550 2562 11.
1588 2515 1639 2573 4,
1679 2510 1735 2575 7)
1784 2509 1972 2581 ψυχρός
2006 2527 2061 2560 τε
2096 2509 2180 2560 καὶ
2216 2509 2451 2582 καθαρός,

813 2597 1048 2663 Cydnum
1085 2598 1240 2660 igitur
1279 2597 1563 2647 caeruleum
1601 2612 1704 2645 non
1742 2597 2035 2657 abnuimus,
2096 2599 2181 2647 sed
2221 2598 2433 2649 Carnnti
2472 2599 2495 2648 s
2505 2600 2632 2649 lavi
2672 2614 2815 2648 cae·

676 2683 885 2732 rulam
923 2683 1179 2747 lympham
1217 2684 1271 2731 in
1309 2697 1458 2732 versu
1493 2683 1729 2746 proxime
1766 2683 2013 2746 superiori
2052 2680 2170 2745 (12)
2208 2691 2536 2733 memoratam
2564 2686 2691 2734 adeo
2715 2700 2816 2733 nou

674 2767 908 2828 ferimus,
959 2776 1019 2815 ut
1052 2783 1212 2832 prope
1250 2769 1522 2816 audeamus
1566 2781 1749 2815 vocem
1795 2767 1980 2816 inferre
2028 2777 2087 2817 ut
2122 2769 2186 2816 ad
2206 2761 2579 2818 ‘inveniendum
2615 2769 2813 2818 facilem

676 2850 812 2916 (cod.
851 2852 1013 2902 Paris.
1054 2852 1281 2901 eerrula
1326 2851 1388 2900 cs.
1424 2853 1582 2900 Rutil.
1621 2852 1683 2906 It,
1726 2853 1765 2902 I.
1805 2855 1901 2900 112
1936 2853 2195 2901 vernula.
2237 2852 2396 2902 Sci-iv·
2432 2852 2709 2917 garrula),
2745 2855 2817 2902 ita

602 2953 616 2959 “
677 2953 708 2987 a
744 2935 941 2986 Tibulli
979 2937 1351 2986 consuetudine
1390 2937 1775 2999 sejunctiorem:
1831 2936 2072 2999 „Carnuti
2111 2938 2386 2986 vernula
2422 2935 2678 3003 lympha“,
2718 2954 2817 3002 qua

677 3023 786 3072 fere
837 3023 1036 3072 ratione
1087 3023 1274 3072 dietum
1319 3023 1418 3070 hoc
1465 3022 1753 3072 invenimus
1802 3038 1833 3070 a
1872 3023 2176 3086 Symmacho
2213 3023 2377 3088 Epist,
2414 3023 2507 3075 IX.
2549 3026 2636 3073 78:
2694 3023 2813 3082 „ubi

678 3124 850 3158 omnes
889 3108 1166 3168 molestias,
1206 3122 1330 3170 quas
1355 3107 1500 3155 Pado
1520 3117 1729 3156 auctore
1750 3108 1991 3166 tolerasti,
2028 3103 2255 3157 sollicita
2278 3109 2503 3158 lectione
2528 3110 2814 3173 percensui,

677 3199 918 3242 accusato
955 3207 1108 3242 vern
1124 3191 1227 3240 ula
1263 3198 1348 3240 tuo
1386 3192 1608 3254 flumine,
1646 3192 1790 3255 cujus
1827 3193 2053 3241 turbidos
2090 3201 2285 3242 meatus
2324 3199 2373 3241 et
2398 3193 2606 3242 infidum
2632 3208 2815 3257 agmen

679 3286 922 3343 expertus
961 3292 1029 3342 es,
1067 3276 1216 3325 retuli
1255 3277 1653 3326 conservationis
1690 3286 1809 3326 tuae
1843 3278 2058 3340 gratiam
2098 3279 2194 3327 diis
2222 3281 2510 3330 auctoribus
2537 3279 2814 3341 Bonaeque

675 3363 965 3412 Fortunae“
1026 3359 1115 3426 (ef.
1168 3361 1209 3415 Ι.
1261 3365 1314 3411 8:
1374 3363 1681 3423 „Mosellam
1719 3389 1781 3398 -—
1830 3363 2095 3412 clariorem
2146 3365 2245 3414 hoc
2290 3373 2463 3415 nostro
2510 3363 2816 3429 populari

677 3448 990 3497 Tiberino
1036 3447 1343 3500 reddidisti.“
1416 3445 1563 3498 Ovid.
1612 3448 1740 3500 Met.
1785 3448 1825 3499 I.
1876 3449 2000 3498 577:
2064 3450 2451 3513 „popularia
2495 3448 2814 3508 flumina“,

679 3535 763 3596 qui
800 3533 935 3582 idem
971 3533 1024 3581 in
1059 3533 1319 3582 contraria
1353 3534 1604 3582 sententia
1640 3534 1810 3598 posuit
1846 3535 2145 3582 advenam
2182 3533 2421 3584 Tibrim
2458 3535 2633 3592 Burni.
2661 3533 2815 3596 Prop.

676 3618 772 3667 IV.
813 3621 859 3677 1,
896 3620 925 3667 7
962 3634 1011 3683 p.
1039 3619 1137 3668 707
1163 3632 1239 3680 sq.
1276 3617 1545 3668 Claudian.
1566 3618 1662 3667 VI.
1702 3615 1855 3668 Cons,
1880 3619 2017 3669 Hon.
2054 3617 2197 3682 496),
2234 3621 2298 3669 ab
2320 3620 2573 3669 Juvenale
2602 3617 2668 3670 V..
2695 3619 2816 3667 105:

675 3703 857 3768 „lupus
905 3730 965 3738 —
1004 3702 1289 3752 Vei-nula
1348 3702 1680 3766 riparum“
1746 3701 2059 3766 Sidonioque
2111 3703 2341 3769 Apollin.
2397 3705 2561 3768 Epist.
2615 3703 2712 3752 IX.
2754 3705 2816 3752 15

675 3806 725 3854 p.
763 3791 887 3839 609:
925 3789 1276 3852 „Japygisque
1314 3803 1513 3838 verna
1549 3803 1735 3853 cycnus
1757 3788 1969 3837 Aufidi“
2007 3787 2189 3852 (Rutil.
2227 3790 2289 3838 It.
2315 3789 2355 3841 Ι,
2388 3791 2483 3838 112
2520 3787 2827 3850 „vei-nula·

676 3900 742 3910 —-
780 3875 973 3934 avis“,
1035 3875 1172 3937 quod
1209 3874 1525 3922 Munekerus
1586 3888 1790 3936 quoque
1832 3873 2067 3936 Fulgent.
2118 3875 2160 3924 1.
2204 3890 2255 3938 p.
2293 3873 2393 3924 604
2451 3888 2630 3938 parum
2685 3879 2817 3921 reete

677 3957 852 4024 cepit),
890 3955 1056 4008 Oarm.
1081 3958 1259 4008 XXII.
1285 3960 1381 4008 116
1419 3975 1701 4019 „vernam
1739 3966 2057 4018 senatum,
2096 3959 2216 4008 alibi
2254 3975 2474 4009 versus
2513 3958 2815 4024 Mytilenaei

677 4043 894 4108 oppidi
930 4043 1278 4104 vernulas“‚
1329 4045 1393 4092 ab
1431 4045 1668 4094 Ennodio
1707 4044 1873 4094 Carm.
1910 4043 1980 4093 ΙΙ.
2020 4045 2085 4093 35
2123 4060 2172 4108 p.
2210 4046 2308 4093 342
2344 4044 2433 4094 B.:
2494 4044 2815 4104 „maculatae

675 4129 946 4178 vernula
981 4135 1038 4178 te
1053 4129 1234 4176 rrae“
1273 4126 1472 4192 (Savar.
1503 4129 1681 4180 Sidon.
1706 4129 1939 4193 Apollin.
1975 4129 2137 4193 Epist.
2177 4128 2216 4176 Ι.
2254 4131 2282 4178 8
2320 4145 2367 4194 p.
2396 4127 2500 4193 60),
2538 4145 2569 4176 a
2596 4127 2815 4176 Boethio

678 4211 830 4265 Cons.
869 4211 1004 4262 Phil.
1043 4213 1111 4266 11.
1154 4216 1177 4261 1
1218 4230 1266 4278 p.
1305 4215 1419 4264 660.
1457 4215 1548 4265 Α.;
1586 4216 1869 4276 „musica
1905 4215 2027 4263 laris
2062 4214 2222 4263 nostri
2260 4213 2577 4262 vernula.“
2646 4212 2815 4260 Etiam

677 4300 772 4348 boc
808 4299 930 4346 licet
965 4297 1187 4359 adjicere
1228 4309 1422 4348 tantum
1461 4301 1637 4350 abesse
1686 4308 1742 4349 ut
1788 4300 1851 4348 ab
1886 4299 2113 4364 Hauptio
2156 4305 2294 4348 reete
2341 4309 2493 4360 atque
2543 4297 2717 4346 ordine
2752 4297 2819 4343 sit

671 4385 778 4446 jam
814 4383 1127 4448 propositum
1167 4398 1211 4430 v.
1238 4383 1268 4431 3
1307 4384 1517 4432 verbum
1557 4385 1709 4432 dare
1748 4381 1932 4444 (dare
1971 4409 2031 4418 ·—-
2072 4384 2156 4447 qui
2192 4381 2527 4447 posset)'ab
2563 4383 2691 4447 ipse,
2730 4381 2815 4442 qui
