3234 4967
661 380 762 433 246
1477 380 1769 449 C'onject.
1804 384 1983 439 XVII.

660 557 936 619 spretoque
971 552 1138 615 rigore
1176 553 1350 603 Lilia
1385 554 1649 619 permixtis
1684 554 1993 606 insultavere
2048 556 2351 622 pruinis.“
2422 558 2629 625 Coripp.
2665 561 2797 613 Just.

657 634 730 685 11.
768 630 1288 705 825'3tAequipa1-ans
1325 640 1608 688 candore
1646 640 1827 689 nives
1862 642 2146 707 hiemisque
2172 642 2473 709 pruinam.
2510 644 2797 697 Jo.11.1s:

584 754 590 760 ,
661 718 892 781 „infusum
929 718 1081 771 tellus
1117 730 1355 772 contecta
1391 726 1665 786 pruinae
1704 724 1853 774 Nube
1896 724 2026 775 latet
2050 728 2313 791 campique
2354 735 2403 777 et
2426 737 2619 779 montes
2645 729 2797 780 arbor

659 812 710 854 et
745 804 910 855 omnis
942 803 1157 855 Albet.
1229 807 1433 857 Ennod.
1479 806 1670 873 Paneg.
1711 826 1761 874 p.
1802 810 1915 860 173.
1953 810 2032 861 A:
2082 812 2271 870 „hiems
2307 822 2355 863 et
2384 814 2494 876 jugi
2530 814 2795 879 pruina-

657 902 768 939 rum
805 890 1078 939 candore
1117 892 1286 941 velata
1323 894 1625 944 caesarieS.“
1664 894 1727 947 cf.
1766 892 2031 944 Guillcrm.
2070 895 2229 959 Apul.
2260 896 2324 947 V.
2364 898 2491 949 204:
2530 898 2795 965 Temporis

656 973 856 1023 hiberni
893 975 1000 1024 dux
1057 974 1378 1027 incumbente
1437 978 1679 1045 pruina.
1752 980 1868 1030 211.
1930 978 2025 1032 IV.
2086 981 2203 1033 442.
2258 980 2471 1047 Vagae
2530 969 2795 1049 pruinae

659 1066 842 1117 autem,
879 1062 940 1109 ut
973 1062 1122 1124 vagi
1158 1060 1390 1112 imbres
1429 1063 1628 1115 Lucret.
1674 1063 1770 1112 VI.
1809 1064 1924 1113 611.
1972 1064 2157 1114 nives
2192 1075 2447 1117 rotatae
2487 1066 2635 1121 ovid.
2673 1070 2794 1123 Met.

659 1142 754 1193 IX.
795 1144 887 1193 221
929 1141 1021 1206 (cf.
1060 1142 1184 1195 Stat.
1225 1148 1386 1197 Theb.
1428 1148 1493 1199 V.
1529 1149 1633 1199 494
1668 1163 1827 1213 vaga
1864 1150 2025 1207 lito-ra.
2054 1149 2167 1200 vet.
2210 1147 2648 1218 Schol.'Barth.p.
2676 1154 2795 1204 241:

660 1229 876 1293 ‚,ampla,
913 1220 1183 1295 spatiosa.“
1256 1232 1371 1283 Jac.
1411 1232 1621 1294 Quat-st.
1658 1234 1803 1301 Epic.
1842 1252 1893 1299 p.
1932 1233 2040 1298 67).
2110 1235 2310 1285 Deinde
2357 1237 2478 1301 quid
2514 1239 2795 1303 proclivius

663 1315 1028 1376 permutatione
1063 1330 1241 1366 vocum
1282 1332 1504 1367 casurae
1542 1326 1590 1369 et
1625 1322 1940 1370 cessurae?
2010 1316 2091 1369 De
2129 1336 2231 1385 qna
2266 1322 2389 1370 satis
2445 1332 2522 1375 est
2565 1324 2795 1374 attulisse

660 1396 922 1449 Lucanum
957 1400 1026 1453 11.
1065 1402 1190 1453 449:
1259 1404 1422 1467 primo
1483 1410 1673 1453 terrere
1734 1405 1925 1454 ruentis
1962 1404 2284 1455 Cessurae
2346 1406 2486 1458 belli.
2559 1408 2729 1474 Guelf.
2764 1411 2798 1459 4

659 1496 902 1535 cesurae.
972 1485 1112 1550 Lips.
1150 1502 1226 1551 pr.
1263 1501 1489 1538 casurae
1525 1490 1590 1539 cf.
1628 1490 1809 1539 Heius.
1849 1506 1929 1553 ap.
1970 1489 2141 1543 Burm.
2180 1490 2279 1540 111.
2316 1492 2409 1541 921
2451 1506 2501 1557 p.
2544 1494 2660 1543 216.
2716 1492 2796 1541 De

660 1568 872 1617 veritate
911 1577 1076 1620 autem
1113 1573 1252 1621 vocis
1288 1574 1360 1622 sic
1395 1574 1591 1637 positae
1626 1575 1924 1639 persuaderi
1964 1575 2161 1623 videtur
2196 1574 2275 1624 his
2314 1577 2591 1640 exemplis:
2629 1574 2796 1629 carm.

659 1652 720 1701 ad
758 1652 860 1703 Pis.
910 1657 1030 1705 151:
1103 1664 1378 1717 „aestatum
1437 1666 1584 1721 terga
1642 1659 1849 1710 lacessit
1884 1685 1946 1695 —
1986 1669 2287 1711 auctumnus
2347 1660 2606 1711 nivibus
2664 1676 2797 1711 ces·

659 1740 898 1791 surus.“
971 1740 1238 1791 claudian.
1281 1742 1392 1793 Sec.
1432 1742 1586 1792 Cone.
1628 1742 1737 1794 Stil.
1790 1746 1915 1793 252:
1986 1759 2173 1806 „cursu
2227 1744 2469 1808 Zephyris
2522 1760 2796 1809 numquam

660 1838 926 1875 cessura
963 1825 1215 1889 Lycaste“
1272 1826 1489 1887 (Gunth.
1529 1828 1705 1891 Ligur.
1745 1828 1835 1881 Vl.
1894 1830 2013 1879 190:
2086 1844 2259 1891 regum
2297 1830 2560 1879 Maximus
2598 1839 2653 1879 et
2689 1842 2797 1880 toto

660 1910 786 1958 nulli
825 1924 1124 1961 cessurus
1161 1913 1217 1959 in
1253 1912 1418 1974 orbe).
1489 1913 1549 1961 R.
1591 1915 1733 1964 l'ros.
1774 1913 1872 1965 111.
1912 1915 2004 1964 89:
2065 1930 2200 1973 „non
2248 1928 2516 1963 cessura
2551 1915 2797 1980 pruinis

659 1992 890 2043 Membra
925 1996 1218 2045 colorantur
1255 1998 1381 2060 picei
1421 1998 1643 2061 caligine
1680 1998 1859 2059 regni⁴·
1900 1998 1962 2049 cf.
2000 1995 2057 2046 11
2114 2001 2237 2049 108:
2275 1998 2497 2049 tumulos
2533 2002 2798 2048 tectura

660 2079 962 2143 cupressus“
1009 2094 1074 2129 ac
1111 2080 1237 2135 Stat.
1277 2082 1438 2133 Theb.
1477 2082 1572 2132 VI.
1614 2084 1739 2132 102:
1800 2082 2281 2142 „Procumbunt
2316 2110 2381 2117 —
2418 2082 2597 2133 Taxus
2635 2093 2685 2133 et
2720 2084 2797 2133 iu-

658 2165 840 2216 faudos
876 2166 998 2215 belli
1033 2176 1272 2231 potura
1305 2182 1511 2217 cruores
1547 2166 1851 2218 Fraxinnnf‘
1922 2206 1933 2215 .

791 2250 902 2299 Nec
939 2252 1001 2299 de
1038 2249 1162 2301 silv.
1204 2252 1266 2305 V,
1308 2254 1353 2310 2,
1391 2253 1481 2330 54:

1111 2325 1404 2349 Ἢ

1267 2388 1321 2427 tu
1359 2381 1496 2429 disce
1531 2387 1723 2445 patrem
1764 2387 2088 2445 quantusque
2124 2380 2481 2443 nigrantem

963 2464 1223 2513 Fluctibus
1261 2465 1485 2513 occiduis
1523 2466 1821 2527 fessoque
1856 2464 2237 2529 Hyperione
2272 2464 2473 2514 Thulen

961 2550 1174 2599 Intrarit
1209 2551 1443 2599 mandata
1479 2565 1664 2615 gerens

655 2686 798 2729 recto
837 2678 1084 2729 Imhoflus
1120 2679 1468 2743 pronuntiavit
1497 2678 1711 2741 Judicio.
1786 2676 2006 2737 Statius,
2045 2678 2209 2741 iuquit
2244 2677 2452 2732 Emend.
2494 2679 2622 2730 Stat.
2660 2698 2710 2747 p.
2750 2684 2799 2743 3,

656 2764 872 2829 scripsit,
909 2769 966 2813 ut
999 2764 1052 2814 in
1089 2764 1329 2813 omnibus
1361 2764 1506 2813 bonis
1545 2763 1692 2812 libris
1730 2768 1832 2821 est,
1870 2772 2231 2825 negantem.
2301 2762 2560 2828 Negare
2597 2767 2861 2815 alicui-

657 2850 790 2899 enim
828 2850 878 2897 in
917 2862 1028 2897 eam
1064 2847 1170 2899 fere
1207 2850 1508 2897 sententiam
1547 2848 1612 2899 ab
1652 2848 1837 2899 Ovidio
1873 2848 1993 2896 inde
2032 2847 2211 2895 dicunt
2248 2860 2445 2911 poetae,
2484 2866 2584 2914 qua
2610 2849 2797 2901 Graeci

661 2929 984 3001 ἀπαγορεύειν
1042 2934 1088 2983 h.
1129 2949 1172 2983 e.
1233 2932 1403 2983 officia
1438 2935 1721 2983 detrectare
1757 2930 1902 3007 ἡ[νὶὀ.
1942 2932 2110 2981 adnot.
2149 2932 2331 2996 Eclog.
2370 2935 2435 2985 35
2472 2950 2519 2999 p.
2562 2926 2668 2999 57].
2733 2964 2794 2972 -—-

657 3021 784 3070 Eam
824 3020 923 3069 vim
963 3027 1013 3069 et
1048 3026 1346 3069 structuram
1385 3021 1470 3083 qui
1507 3019 1836 3082 ignorarunt,
1894 3032 2009 3066 cum
2048 3024 2374 3070 natantem,
2408 3020 2493 3068 vel
2530 3021 2795 3084 nigran-

657 3114 778 3155 tem
819 3114 1150 3155 correxerunt
1188 3115 1289 3153 tum
1329 3104 1602 3153 ablativum
1652 3118 1821 3153 casum
1859 3101 2253 3163 intellexerunt,
2313 3104 2399 3153 ubi
2460 3106 2658 3155 dativus
2718 3124 2795 3159 re-

657 3192 886 3255 quiritur.
958 3190 1286 3239 Manifestum
1349 3197 1424 3238 est
1483 3190 1614 3239 enim
1680 3204 1708 3237 a
1747 3188 1909 3238 Statio
1970 3185 2201 3252 profecta
2240 3204 2349 3239 esse
2386 3191 2540 3239 verba
2576 3193 2791 3243 haecce:

657 3282 978 3341 quantusque
1015 3283 1357 3339 negantem
1394 3274 1663 3324 Fluctibus
1712 3272 1938 3322 occiduis
1974 3271 2211 3337 fessoque
2247 3274 2551 3339 Hyperioni
2590 3278 2797 3344 Thylen

654 3362 880 3413 Intrarit.
952 3360 1120 3423 Negat
1158 3360 1323 3423 Thyle
1379 3359 1612 3408 fluctibus
1669 3358 1892 3407 occiduis
1938 3365 1989 3407 et
2022 3357 2157 3407 fesso
2196 3358 2500 3423 Hyperioni,
2562 3364 2682 3425 quia
2718 3364 2796 3413 in-

656 3445 1024 3511 exsuperabilis
1061 3453 1138 3494 est
1175 3452 1224 3493 et
1258 3446 1577 3509 torpentibus
1615 3444 1766 3493 maris
1803 3444 2227 3507 septemtrionalis
2262 3446 2410 3495 undis
2448 3456 2496 3495 et
2533 3434 2797 3499 exhaustis

655 3532 780 3582 solis
817 3531 1058 3581 viribus.“
1129 3530 1261 3580 Nam
1301 3538 1352 3579 et
1389 3546 1504 3591 coe,
1567 3530 1654 3592 qui
1714 3538 1770 3578 ut
1825 3528 2113 3590 Palladi,
2173 3528 2480 3591 Minoidi,
2538 3531 2795 3594 Doridi,

656 3617 916 3683 Tethyi,
951 3619 1025 3667 ita
1061 3606 1281 3669 'Jusoni
1317 3615 1506 3681 (Theb.
1544 3616 1641 3665 111.
1665 3618 1777 3667 521.
1816 3615 2031 3664 Lucian.
2068 3613 2245 3663 Mueu.
2283 3616 2347 3663 de
2384 3616 2461 3665 Re
2498 3615 2797 3669 Metr.x·11.

655 3722 705 3769 p.
743 3703 864 3767 392)
906 3712 955 3753 et
991 3704 1315 3769 Hyperioni
1352 3704 1577 3767 potuisse
1614 3702 1733 3767 poni
1773 3702 1998 3760 credant,
2054 3688 2276 3763 graviter
2312 3716 2479 3749 errare
2518 3688 2796 3764 subtiliore,

657 3802 786 3852 quae
825 3792 888 3839 de
927 3789 1082 3854 Prop.
1122 3789 1218 3839 111.
1259 3790 1304 3848 7,
1345 3788 1424 3838 37.
1464 3789 1586 3837 Hor.
1628 3787 1795 3837 Carm.
1836 3788 1876 3835 Ι.
1914 3788 1961 3845 6,
2000 3788 2029 3834 2
2078 3786 2393 3845 instituetur,
2455 3788 2797 3851 disputatione

657 3875 978 3925 edocebimus
1017 3874 1258 3934 (Emend.
1295 3874 1447 3939 Prop.
1487 3873 1583 3922 IX.
1624 3872 1676 3935 3)
1740 3880 1790 3921 ct
1833 3873 1933 3923 hoc
1970 3874 2158 3936 liquet:
2230 3872 2417 3920 rectius
2456 3872 2554 3921 dici
2592 3872 2796 3923 Thulen

655 3974 709 4009 se
746 3960 938 4009 ratibus
977 3959 1268 4022 (claudian.
1307 3958 1405 4011 111.
1444 3957 1602 4008 Cous,
1641 3958 1777 4009 Hon.
1816 3956 1902 4021 53)
1942 3972 2128 4021 negare
2165 3958 2277 4021 ipsa
2312 3972 2371 4005 ea
2399 3972 2467 4017 re,
2507 3960 2642 4022 quod
2669 3959 2797 4008 etin

655 4045 880 4093 occiduis
917 4044 1152 4095 fluctibus
1189 4053 1238 4094 et
1273 4044 1366 4094 sub
1404 4044 1541 4093 fesso
1577 4043 1876 4109 Hyperione
1906 4042 2057 4107 jacet,
2096 4056 2245 4108 quam
2284 4056 2337 4091 se
2374 4042 2592 4106 ipsis'iis
2630 4044 2797 4093 flucti-

656 4129 750 4178 bus
788 4144 994 4193 negare,
1030 4132 1085 4178 in
1127 4131 1310 4194 quibus
1349 4130 1446 4180 sita
1483 4137 1574 4195 cst,
1634 4130 1829 4193 solique
1870 4130 1933 4177 ad
1968 4130 2085 4179 illas
2122 4136 2295 4193 partes
2334 4126 2636 4191 perhibenti.
2706 4127 2796 4177 Ni-

654 4196 832 4262 mirum
871 4214 969 4263 hoc
1005 4216 1376 4280 incompertum
1414 4217 1579 4265 adhuc
1616 4229 1790 4264 omnes
1824 4214 2116 4265 habuerunt
2150 4215 2242 4263 viri
2280 4213 2415 4261 docti
2452 4213 2515 4262 ab
2564 4228 2652 4275 eo,
2710 4213 2796 4279 qui

658 4301 826 4350 dicat:
863 4306 1197 4363 negantem
1234 4300 1494 4351 Thulen
1529 4302 1839 4361 intravit,
1874 4302 1973 4350 hoc
2012 4300 2139 4350 dici:
2210 4294 2419 4348 intravit
2454 4296 2663 4350 Thulen
2696 4296 2795 4349 ins·

657 4386 817 4435 trari
869 4394 1218 4449 negantem
1271 4381 1483 4448 (Heius.
1523 4376 1792 4437 claudian.
1830 4386 1894 4437 R.
1934 4378 2077 4435 ProS.
2116 4384 2179 4435 11.
2225 4386 2325 4436 180
2377 4399 2427 4448 p.-
2467 4384 2581 4436 585.
2655 4383 2796 4436 Gort.
