3234 4967
693 389 791 439 158
978 421 982 427 -
1580 382 1874 449 Conjeet.
1911 384 1955 437 1.

692 556 999 621 quidquid
1031 556 1093 605 in
1124 558 1383 607 buccam
1420 558 1704 619 veniret,
1741 564 1794 607 et
1825 555 2206 607 melioribus
2239 555 2580 607 heroidum
2615 568 2834 605 exem-

662 671 667 673 -
690 641 817 706 plis
852 643 916 691 ad
952 642 1248 692 seutentiam
1272 642 1588 707 probandam
1612 656 1762 692 usus
1787 648 1956 692 esset
1989 648 2041 690 et
2075 642 2270 691 cautius
2295 641 2456 691 verba
2480 640 2830 706 pensitasset,“

690 727 875 791 quibus
902 726 1067 777 Statio
1102 742 1205 776 non
1240 727 1407 777 minor
1440 726 1656 777 infertur
1691 726 1892 789 injuria,
1929 742 2080 791 quam
2105 726 2379 791 Bmmxfin
2415 727 2480 776 ab
2506 726 2734 792 Emnfio
2757 726 2934 787 ἰὴν..-

692 826 821 876 quae
868 812 973 874 jam
1022 810 1127 864 Sin.
1172 827 1281 877 cap.
1322 812 1445 863 VII.
1490 812 1522 861 3
1566 828 1612 877 p.
1667 813 1764 861 140
1811 810 2198 861 confutavimus.
2275 810 2531 861 Subeatur
2576 826 2698 875 ergo
2742 812 2836 861 illa

691 912 795 945 rem
820 904 1073 945 vetustate
1098 897 1331 947 obrutam
1358 897 1683 960 conjectandi
1708 898 1996 947 necessitas.
2053 895 2200 957 Quae
2223 906 2417 960 quanta
2441 904 2574 947 esset
2595 896 2830 961 nimirum

689 982 773 1030 vel
808 980 964 1031 initiis
1002 982 1313 1044 quaestionis
1348 988 1485 1031 reete
1519 982 1697 1047 positis
1733 982 1857 1032 satis
1894 982 2119 1031 dilucere
2157 982 2342 1046 eoepit.

826 1065 978 1133 Quod
1015 1067 1150 1115 enim
1184 1066 1302 1115 libri
1338 1073 1519 1117 tenent
1553 1081 1740 1116 nomen
1786 1080 1854 1115 ae
1867 1065 2076 1130 giale,
2123 1066 2177 1115 id
2221 1066 2372 1127 inde,
2420 1066 2556 1129 quod
2593 1066 2835 1129 Aegia-

688 1150 845 1199 leam
882 1152 1143 1201 Diomedis
1178 1166 1391 1202 uxorem
1429 1152 1682 1201 adulterio
1705 1150 1961 1211 infamem,
1999 1166 2104 1200 non
2133 1152 2364 1201 castitate
2395 1140 2618 1201 nobilem
2643 1156 2832 1215 poetae

688 1234 913 1286 Homero
961 1237 1267 1301 posteriores
1314 1236 1630 1301 seripserunt
1671 1233 1911 1299 (Simeon.
1952 1231 2145 1299 Chron.
2183 1238 2316 1286 2822
2352 1252 2402 1301 Ρ.
2425 1238 2540 1288 341.
2595 1236 2833 1299 Salvagn.

688 1320 837 1371 ovid.
884 1321 961 1371 lb.
999 1322 1096 1372 351
1136 1337 1184 1386 p.
1212 1322 1295 1371 se.
1340 1322 1600 1385 Verheyk.
1653 1305 1846 1375 Antoni.
1893 1322 2006 1373 Lib.
2045 1322 2109 1371 37
2145 1336 2194 1385 p.
2227 1322 2325 1371 160
2349 1336 2424 1385 sq.
2470 1320 2649 1370 Tzetz.
2696 1318 2830 1371 chn.

684 1404 783 1454 111.
822 1406 922 1455 286
959 1422 1009 1470 p.
1028 1407 1116 1456 91:
1164 1398 1311 1455 Μετὰ
1344 1404 1435 1475 γὰρ
1472 1399 1652 1475 Τροίας
1685 1402 1896 1475 τρόπαια
1935 1403 2020 1456 καὶ
2065 1404 2155 1461 τὰς
2199 1400 2532 1473 ἀνδραγαθίας
2569 1397 2828 1472 Αἰγιαλείᾳ

682 1488 871 1557 γυναικὶ
906 1488 990 1539 καὶ
1024 1496 1104 1561 τῷ
1140 1492 1305 1561 μοιχῷ
1340 1484 1558 1562 Κομήτῃ
1596 1484 1818 1539 Μέλλων
1852 1488 1938 1541 τὸν
1977 1488 2080 1557 βίον
2119 1488 2332 1562 ἐκπερᾷν
2367 1488 2534 1560 φεύγει
2580 1488 2702 1559 πρὸς
2738 1488 2832 1558 τὴν

688 1570 915 1625 Δαυνίαν.
990 1578 1188 1627 Auson.
1226 1574 1470 1641 Epitaph.
1508 1575 1630 1630 Her.
1669 1579 1716 1637 6,
1755 1578 1834 1627 2ε.
1862 1576 2140 1627 Diomedes
2188 1576 2444 1627 Crimen
2493 1577 2570 1626 ob
2607 1576 2834 1625 uxoris

684 1660 865 1725 pulsus
901 1662 1160 1713 dotalibus
1207 1662 1393 1725 agris.“
1466 1661 1672 1711 Ennod.
1711 1662 1845 1712 Diet.
1880 1661 2086 1716 XXIV,
2123 1678 2174 1726 p.
2195 1663 2312 1712 305.
2371 1661 2443 1710 B:
2491 1658 2728 1722 Circaeo,
2777 1668 2834 1709 ut

686 1746 841 1809 ajunt,
878 1746 1067 1811 poculo
1104 1761 1137 1795 a
1172 1761 1229 1796 se
1265 1747 1512 1797 translata
1548 1754 1626 1797 est
1661 1754 1710 1795 et
1743 1747 1798 1795 in
1823 1755 2000 1797 votum
2025 1747 2263 1813 migravit
2285 1746 2560 1801 adulteri,“
2616 1746 2832 1811 «Ioseph.

684 1830 781 1885 Ise.
820 1832 913 1885 VI.
952 1832 1079 1882 9302
1123 1831 1417 1893 „tristisque
1466 1845 1676 1881 reverso
1726 1832 1950 1896 Aegiale
1986 1832 2240 1883 Diomede
2288 1830 2474 1896 suo“),
2523 1846 2629 1881 non
2678 1826 2832 1881 dubie

682 1915 987 1979 intelligitur
1038 1916 1159 1965 vitio
1214 1914 1453 1965 affectum
1506 1931 1640 1978 esse,
1703 1932 1806 1967 non
1856 1918 1976 1977 illo,
2031 1931 2134 1980 quo
2195 1916 2500 1981 Aegiale,
2556 1917 2650 1965 Eu
2662 1916 2722 1980 gi
2735 1916 2832 1965 ale

686 1997 1022 2063 (Aggallia
1074 2002 1225 2050 codd.
1262 2001 1405 2051 Laet.
1442 2001 1603 2051 Theb.
1643 2002 1713 2055 11.
1753 2004 1877 2061 728:
1926 2002 2207 2062 Artemita,
2254 2002 2487 2067 Megale,
2543 1998 2830 2065 Aegalia“)

681 2084 735 2132 iu
772 2084 979 2148 aliquot·
1004 2086 1130 2137 loeis
1166 2100 1261 2150 pro
1296 2084 1545 2149 Aglaie
1580 2088 1934 2151 consignatum
1972 2102 2084 2137 esse
2119 2086 2340 2135 diximus
2373 2087 2424 2135 in
2461 2086 2636 2137 Sinide
2663 2085 2762 2135 VI.
2799 2088 2829 2134 2

682 2185 734 2233 p.
764 2171 863 2219 110
896 2184 991 2233 ες..
1027 2170 1113 2219 sed
1152 2184 1234 2230 ee,
1272 2186 1376 2235 quo
1412 2173 1549 2235 apud
1586 2172 1971 2223 Pausaniam
2009 2170 2160 2225 VIII.
2198 2172 2280 2232 34,
2318 2172 2366 2222 3.
2405 2174 2486 2233 27,
2525 2173 2572 2223 3.
2608 2170 2829 2220 Moero

682 2252 843 2304 Anth.
880 2254 993 2305 Pal.
1030 2254 1125 2305 VI.
1168 2256 1281 2315 189,
1315 2256 1366 2306 4.
1420 2248 1742 2312 Αἰπυτίους
1779 2250 2164 2323 Αἰγυπτίους,
2203 2258 2342 2322 apud
2363 2256 2634 2307 Statium
2661 2255 2828 2305 Theb.

681 2339 777 2388 IV.
816 2340 932 2390 296.
968 2339 1061 2388 ῙΧ.
1088 2341 1185 2389 847
1223 2338 1527 2404 Aepytios
1562 2340 1723 2392 factos
1761 2356 1874 2392 esse
1913 2342 2280 2407 Aegyptios
2317 2340 2638 2411 stud-Critt.
2665 2336 2831 2391 Anth.
2917 2351 2926 2358 ·

682 2422 865 2477 Graec.
904 2423 947 2477 1.
982 2440 1033 2489 p.
1058 2426 1155 2475 581
1184 2439 1257 2487 sq.
1298 2432 1349 2473 et
1384 2423 1491 2475 Sin.
1529 2425 1624 2479 lv.
1663 2430 1692 2477 2
1730 2442 1783 2491 p.
1820 2428 1884 2482 67
1923 2434 2024 2480 not.
2061 2428 2122 2477 11
2163 2427 2439 2491 arguimus,
2475 2426 2530 2475 in
2567 2425 2829 2476 Chronico

680 2504 970 2559 Eusebiano
1006 2525 1052 2558 a.
1088 2509 1311 2559 MXXX
1352 2512 1401 2559 A
1418 2526 1445 2559 e
1462 2520 1678 2575 gyptus
1725 2520 1898 2561 natum
1949 2526 2060 2563 esse
2117 2527 2221 2561 non
2266 2510 2521 2561 fefellerat
2564 2511 2830 2561 Heinsium

682 2592 829 2651 Ovid.
865 2594 1005 2644 Fast.
1041 2594 1139 2644 1v.
1175 2596 1244 2644 44
1278 2610 1327 2659 p.
1356 2596 1455 2645 233
1504 2594 1569 2645 cf.
1612 2596 1783 2661 Heyn.
1831 2594 2076 2661 Apollod.
2113 2596 2185 2649 11.
2211 2595 2271 2658 ’8,
2309 2598 2340 2648 5
2378 2612 2426 2661 Ρ.
2453 2598 2574 2647 520.
2653 2596 2829 2647 Voea-

681 2678 857 2729 bulum
896 2678 1148 2743 aepiale
1185 2690 1351 2729 autem
1386 2679 1579 2730 fatetur
1613 2680 1938 2731 obscuratum
1972 2681 2026 2730 id
2051 2696 2252 2743 nomen,
2288 2682 2430 2745 quod
2454 2682 2590 2746 apud
2616 2682 2830 2733 Martia·

611 2787 616 2792 ·
680 2762 779 2812 lem
816 2763 911 2813 VI.
950 2766 1031 2824 71,
1068 2766 1098 2813 3
1134 2765 1187 2813 in
1228 2764 1479 2816 vossiano
1526 2766 1656 2815 libro
1700 2766 1855 2815 vertit
1905 2767 1959 2815 in
1995 2766 2298 2826 Paulian‚
2350 2768 2406 2815 in
2451 2767 2828 2817 Hannoverano

679 2847 735 2896 in
770 2846 1001 2897 Piliam
1042 2847 1128 2913 (of.
1167 2848 1285 2899 Val.
1324 2844 1501 2899 Flacc.
1538 2851 1637 2903 111.
1680 2853 1776 2902 149
1813 2852 2096 2903 Phleias.
2136 2851 2285 2906 Carr.
2323 2850 2483 2905 Coek.
2519 2852 2669 2903 codd.
2705 2852 2828 2901 Pe-

679 2930 841 3005 lias),
877 2933 930 2981 in
955 2931 1125 2983 Ovidii
1159 2933 1287 2983 libro
1308 2932 1712 3000 Guelferbytano
1748 2936 1906 2988 Trist.
1932 2936 2004 2988 11.
2023 2937 2217 2987 403.in
2253 2936 2496 3001 pelagi.
2554 2936 2628 2985 Ut
2663 2938 2824 2985 mani-

679 3015 863 3065 festum
898 3018 963 3067 sit
994 3034 1027 3067 a
1059 3016 1222 3069 Statio
1246 3017 1571 3071 Peliadem
1596 3018 1814 3087 (Hygin.
1841 3019 1883 3071 f.
1905 3022 2008 3085 24),
2043 3020 2258 3072 Admeti
2294 3036 2524 3085 uxorem,
2561 3021 2639 3071 his
2662 3020 2824 3071 fuisse

679 3103 846 3152 verbis
883 3102 1164 3155 laudatam:

1123 3222 1315 3284 Questa
1354 3232 1433 3275 est
1466 3240 1531 3275 se
1566 3222 1791 3275 Pelias
1827 3252 1892 3262 —
1929 3251 1998 3262 —
2035 3251 2101 3263 -
2137 3225 2370 3291 relinqui,

680 3356 831 3405 quam
868 3342 1072 3407 quidem
1107 3341 1382 3409 Euripides
1417 3345 1539 3395 feeit
1572 3346 1701 3396 haec
1737 3346 1990 3397 dicentem
2029 3346 2146 3396 Ale.
2185 3346 2309 3397 2982
2345 3340 2436 3395 οὐκ
2469 3340 2698 3416 ἠθέλησα
2733 3342 2826 3415 ζῆν

680 3423 1055 3479 ἀποσπασθεῖσα
1092 3430 1197 3484 σοῦ,

818 3513 953 3564 Hine
982 3516 1091 3579 jam
1126 3532 1231 3565 rem
1265 3532 1418 3582 porro
1452 3532 1738 3583 urgeamus.
1810 3517 2048 3567 Alterum
2085 3518 2222 3567 enim
2258 3533 2486 3567 versum:
2539 3518 2610 3567 Et
2651 3532 2827 3582 quam-

680 3614 831 3665 quam
869 3602 1007 3651 saevi
1038 3601 1278 3672 fecerunt
1312 3603 1640 3652 Maenade
1672 3602 1946 3667 planctus“
1981 3602 2220 3653 Euadnes
2245 3604 2429 3655 honori
2455 3604 2631 3653 datum
2666 3602 2824 3653 fuisse

677 3685 903 3736 declarat
937 3685 1267 3737 Philostratus
1308 3688 1402 3739 Im.
1441 3688 1509 3737 11.
1548 3690 1579 3738 9
1616 3705 1666 3752 p.
1693 3690 1774 3750 68,
1813 3690 1902 3739 223
1958 3684 2124 3745 ὥσπες
2169 3686 2201 3757 ἡ
2246 3689 2338 3739 τοῦ
2383 3680 2668 3744 Καπανέως
2715 3684 2824 3739 οἷον

677 3766 857 3825 θυιὰς
894 3767 1171 3839 ἀρθεῖσα,
1220 3774 1316 3822 nisi
1362 3774 1495 3824 forte
1544 3776 1626 3823 eui
1663 3772 1878 3839 Kayseri
1915 3791 1964 3839 p.
1990 3776 2092 3825 445
2139 3775 2444 3824 auctoritate
2487 3776 2702 3825 inducto
2749 3776 2824 3823 in·

675 3866 988 3922 compertum
1016 3866 1105 3919 est,
1142 3866 1267 3923 quot
1297 3860 1712 3923 reprehensionis
1740 3874 1919 3910 causas
1947 3860 2136 3909 habeat
2161 3876 2262 3910 vox
2297 3854 2547 3921 θυσίας,
2583 3866 2660 3909 tot
2694 3860 2825 3909 veri·

678 3942 795 3990 tatis
832 3957 1069 3993 numeros
1106 3944 1370 3994 continere
1394 3945 1625 3994 Jacobsii
1662 3946 1979 4005 sententiam,
2017 3946 2100 3995 cui
2135 3945 2290 3997 fidem
2326 3944 2500 3997 faeere
2540 3946 2720 3993 videor
2747 3942 2826 3995 vel

675 4026 832 4089 ipsius
870 4026 1017 4077 Statii
1052 4028 1179 4077 locis
1216 4029 1387 4077 allatis
1422 4030 1501 4079 his
1538 4029 1705 4080 Theb.
1740 4029 1866 4083 XII.
1907 4032 2030 4079 800:
2066 4029 2348 4080 Turbine
2385 4045 2512 4094 quo
2549 4044 2660 4079 sese
2697 4030 2824 4078 caris

675 4108 965 4160 instraverit
1016 4114 1187 4161 audax
1241 4114 1454 4177 Ignibus
1506 4114 1777 4166 Euadne.“
1853 4113 2026 4165 Schol.
2065 4114 2190 4163 Vet.
2227 4130 2278 4179 p.
2316 4116 2476 4165 1560:
2532 4111 2823 4176 turbine)

675 4195 815 4243 velut
856 4196 1201 4247 insaniens
1250 4206 1337 4247 aut
1390 4207 1692 4264 tempestate
1729 4198 1904 4263 aliqua
1938 4200 2236 4264 compulsa“
2285 4198 2370 4262 (ef.
2409 4198 2585 4261 Quint.
2621 4196 2825 4263 Smyrn.

672 4274 741 4327 X.
779 4280 902 4329 440:
940 4276 1143 4348 ἔκθορεν
1179 4279 1289 4351 ἠΰτ’
1326 4279 1484 4332 ἄελλα
1574 4284 1705 4336 Stat.
1744 4283 1910 4333 Theb.
1950 4284 2017 4335 V.
2057 4285 2178 4334 592:
2227 4291 2506 4347 terraeque
2543 4284 2682 4333 illisa
2730 4298 2823 4333 no-

675 4366 811 4413 centi
848 4365 1157 4416 Fulminis
1195 4370 1247 4416 in
1286 4368 1525 4418 morem.“
1568 4368 1691 4417 XII.
1721 4370 1843 4419 791:
1898 4369 2216 4430 Decurrunt,
2253 4370 2435 4433 quales
2473 4370 2717 4419 Bacchea
2757 4370 2821 4417 ad
