<?xml version="1.0" encoding="UTF-8"?>
<!DOCTYPE html PUBLIC "-//W3C//DTD XHTML 1.0 Transitional//EN"
    "http://www.w3.org/TR/xhtml1/DTD/xhtml1-transitional.dtd">
<html xmlns="http://www.w3.org/1999/xhtml" xml:lang="en" lang="en">
 <head>
  <title>
</title>
<meta http-equiv="Content-Type" content="text/html;charset=utf-8" />
  <meta name='ocr-system' content='tesseract 3.04.00' />
  <meta name='ocr-capabilities' content='ocr_page ocr_carea ocr_par ocr_line ocrx_word'/>
</head>
<body>
  <div class='ocr_page' id='page_1' title='image "./ppapiniistatiie00ungegoog_0211.png"; bbox 0 0 3234 4967; ppageno 0'>
   <div class='ocr_carea' id='block_1_1' title="bbox 1248 417 2550 481">
    <p class='ocr_par' dir='ltr' id='par_1_1' title="bbox 1248 417 2550 481">
     <span class='ocr_line' id='line_1_1' title="bbox 1248 417 2550 481; baseline 0.002 -14"><span class='ocrx_word' id='word_1_1' title='bbox 1248 417 1549 481; x_wconf 83' lang='lat' dir='ltr'><strong>Oonject.</strong></span> <span class='ocrx_word' id='word_1_2' title='bbox 1586 417 1710 469; x_wconf 83' lang='lat' dir='ltr'><strong>XII.</strong></span> <span class='ocrx_word' id='word_1_3' title='bbox 2450 420 2550 469; x_wconf 86' lang='grc'><strong>203</strong></span> 
     </span>
    </p>
   </div>
   <div class='ocr_carea' id='block_1_2' title="bbox 405 586 2570 2689">
    <p class='ocr_par' dir='ltr' id='par_1_2' title="bbox 405 586 2570 2689">
     <span class='ocr_line' id='line_1_2' title="bbox 405 586 2546 653; baseline -0.001 -13"><span class='ocrx_word' id='word_1_4' title='bbox 405 592 545 642; x_wconf 78' lang='lat' dir='ltr'><strong>hunc</strong></span> <span class='ocrx_word' id='word_1_5' title='bbox 579 590 802 653; x_wconf 75' lang='lat' dir='ltr'>glossam</span> <span class='ocrx_word' id='word_1_6' title='bbox 837 589 1015 637; x_wconf 82' lang='lat' dir='ltr'><strong>habet:</strong></span> <span class='ocrx_word' id='word_1_7' title='bbox 1068 603 1195 637; x_wconf 88' lang='lat' dir='ltr'><strong>non</strong></span> <span class='ocrx_word' id='word_1_8' title='bbox 1230 588 1430 638; x_wconf 76' lang='lat' dir='ltr'><strong>fessis</strong></span> <span class='ocrx_word' id='word_1_9' title='bbox 1477 589 1553 637; x_wconf 82' lang='lat' dir='ltr'><strong>ab</strong></span> <span class='ocrx_word' id='word_1_10' title='bbox 1596 587 2066 651; x_wconf 74' lang='lat' dir='ltr'><strong>imploratione</strong></span> <span class='ocrx_word' id='word_1_11' title='bbox 2117 586 2546 637; x_wconf 75' lang='lat' dir='ltr'><strong>miserorum.“</strong></span> 
     </span>
     <span class='ocr_line' id='line_1_3' title="bbox 410 672 2548 739; baseline -0.002 -14"><span class='ocrx_word' id='word_1_12' title='bbox 410 675 509 725; x_wconf 86' lang='lat' dir='ltr'><strong>Sed</strong></span> <span class='ocrx_word' id='word_1_13' title='bbox 544 690 733 739; x_wconf 81' lang='lat' dir='ltr'><strong>operae</strong></span> <span class='ocrx_word' id='word_1_14' title='bbox 768 674 987 739; x_wconf 84' lang='lat' dir='ltr'><strong>pretium</strong></span> <span class='ocrx_word' id='word_1_15' title='bbox 1024 680 1098 722; x_wconf 77' lang='lat' dir='ltr'><strong>est</strong></span> <span class='ocrx_word' id='word_1_16' title='bbox 1133 674 1205 721; x_wconf 84' lang='lat' dir='ltr'><strong>rei</strong></span> <span class='ocrx_word' id='word_1_17' title='bbox 1238 688 1415 737; x_wconf 79' lang='lat' dir='ltr'><strong>parum</strong></span> <span class='ocrx_word' id='word_1_18' title='bbox 1452 674 1621 722; x_wconf 82' lang='lat' dir='ltr'><strong>adhuc</strong></span> <span class='ocrx_word' id='word_1_19' title='bbox 1667 674 1930 721; x_wconf 83' lang='lat' dir='ltr'><strong>doctorum</strong></span> <span class='ocrx_word' id='word_1_20' title='bbox 1975 672 2235 721; x_wconf 84' lang='lat' dir='ltr'><strong>hominum</strong></span> <span class='ocrx_word' id='word_1_21' title='bbox 2283 688 2408 721; x_wconf 78' lang='lat' dir='ltr'><strong>curu</strong></span> <span class='ocrx_word' id='word_1_22' title='bbox 2457 687 2548 721; x_wconf 86' lang='lat' dir='ltr'><strong>ex-</strong></span> 
     </span>
     <span class='ocr_line' id='line_1_4' title="bbox 413 757 2552 825; baseline -0.001 -16"><span class='ocrx_word' id='word_1_23' title='bbox 413 760 646 825; x_wconf 75' lang='lat' dir='ltr'><strong>ploratae</strong></span> <span class='ocrx_word' id='word_1_24' title='bbox 694 758 921 821; x_wconf 81' lang='lat' dir='ltr'><strong>adjicere</strong></span> <span class='ocrx_word' id='word_1_25' title='bbox 967 757 1163 820; x_wconf 76' lang='lat' dir='ltr'><strong>aliquot</strong></span> <span class='ocrx_word' id='word_1_26' title='bbox 1204 758 1443 822; x_wconf 78' lang='lat' dir='ltr'><strong>exempla</strong></span> <span class='ocrx_word' id='word_1_27' title='bbox 1489 772 1555 807; x_wconf 85' lang='lat' dir='ltr'><strong>ex</strong></span> <span class='ocrx_word' id='word_1_28' title='bbox 1603 758 1822 807; x_wconf 82' lang='lat' dir='ltr'><strong>aliorum</strong></span> <span class='ocrx_word' id='word_1_29' title='bbox 1866 757 2162 821; x_wconf 76' lang='lat' dir='ltr'><strong>scriptorum</strong></span> <span class='ocrx_word' id='word_1_30' title='bbox 2219 758 2552 807; x_wconf 77' lang='lat' dir='ltr'><strong>monumentis</strong></span> 
     </span>
     <span class='ocr_line' id='line_1_5' title="bbox 413 840 2552 908; baseline -0 -17"><span class='ocrx_word' id='word_1_31' title='bbox 413 844 643 907; x_wconf 75' lang='lat' dir='ltr'><strong>repetita.</strong></span> <span class='ocrx_word' id='word_1_32' title='bbox 697 841 873 894; x_wconf 83' lang='lat' dir='ltr'><strong>Veluti</strong></span> <span class='ocrx_word' id='word_1_33' title='bbox 910 845 1045 908; x_wconf 79' lang='lat' dir='ltr'><strong>apud</strong></span> <span class='ocrx_word' id='word_1_34' title='bbox 1083 840 1421 893; x_wconf 74' lang='lat' dir='ltr'>Claudianum</span> <span class='ocrx_word' id='word_1_35' title='bbox 1458 840 1521 891; x_wconf 89' lang='lat' dir='ltr'><strong>B.</strong></span> <span class='ocrx_word' id='word_1_36' title='bbox 1559 840 1676 892; x_wconf 86' lang='lat' dir='ltr'><strong>Get.</strong></span> <span class='ocrx_word' id='word_1_37' title='bbox 1715 844 1816 893; x_wconf 83' lang='grc'><strong>249</strong></span> <span class='ocrx_word' id='word_1_38' title='bbox 1851 848 2110 891; x_wconf 79' lang='lat' dir='ltr'><strong>ostenta</strong></span> <span class='ocrx_word' id='word_1_39' title='bbox 2150 841 2202 889; x_wconf 90' lang='lat' dir='ltr'><strong>in</strong></span> <span class='ocrx_word' id='word_1_40' title='bbox 2239 840 2364 895; x_wconf 78' lang='lat' dir='ltr'><strong>Exe,</strong></span> <span class='ocrx_word' id='word_1_41' title='bbox 2403 840 2552 891; x_wconf 78' lang='lat' dir='ltr'><strong>Luet.</strong></span> 
     </span>
     <span class='ocr_line' id='line_1_6' title="bbox 417 926 2552 992; baseline 0 -13"><span class='ocrx_word' id='word_1_42' title='bbox 417 936 495 979; x_wconf 78' lang='lat' dir='ltr'><strong>est</strong></span> <span class='ocrx_word' id='word_1_43' title='bbox 527 926 597 977; x_wconf 86' lang='lat' dir='ltr'><strong>of</strong></span> <span class='ocrx_word' id='word_1_44' title='bbox 606 928 631 977; x_wconf 80' lang='lat' dir='ltr'>f</span> <span class='ocrx_word' id='word_1_45' title='bbox 640 942 789 989; x_wconf 77' lang='lat' dir='ltr'><strong>enea,</strong></span> <span class='ocrx_word' id='word_1_46' title='bbox 834 927 937 980; x_wconf 83' lang='lat'><strong>454</strong></span> <span class='ocrx_word' id='word_1_47' title='bbox 970 931 1024 979; x_wconf 88' lang='lat' dir='ltr'><strong>iu</strong></span> <span class='ocrx_word' id='word_1_48' title='bbox 1059 929 1297 977; x_wconf 79' lang='lat' dir='ltr'><strong>Mediceo</strong></span> <span class='ocrx_word' id='word_1_49' title='bbox 1343 935 1525 992; x_wconf 75' lang='lat' dir='ltr'><strong>quarto</strong></span> <span class='ocrx_word' id='word_1_50' title='bbox 1560 926 1806 988; x_wconf 74' lang='lat' dir='ltr'><strong>deferet,</strong></span> <span class='ocrx_word' id='word_1_51' title='bbox 1855 928 1908 975; x_wconf 89' lang='lat' dir='ltr'><strong>iu</strong></span> <span class='ocrx_word' id='word_1_52' title='bbox 1944 926 2098 977; x_wconf 73' lang='lat' dir='ltr'><strong>Earn.</strong></span> <span class='ocrx_word' id='word_1_53' title='bbox 2135 926 2269 975; x_wconf 84' lang='lat' dir='ltr'><strong>Prie.</strong></span> <span class='ocrx_word' id='word_1_54' title='bbox 2305 928 2552 980; x_wconf 75' lang='lat' dir='ltr'><strong>deserat.</strong></span> 
     </span>
     <span class='ocr_line' id='line_1_7' title="bbox 418 1008 2553 1081; baseline -0.001 -18"><span class='ocrx_word' id='word_1_55' title='bbox 418 1015 481 1064; x_wconf 93' lang='grc'><strong>16</strong></span> <span class='ocrx_word' id='word_1_56' title='bbox 517 1015 755 1067; x_wconf 75' lang='lat' dir='ltr'><strong>sudasse.</strong></span> <span class='ocrx_word' id='word_1_57' title='bbox 827 1014 939 1064; x_wconf 79' lang='lat' dir='ltr'><strong>Pul.</strong></span> <span class='ocrx_word' id='word_1_58' title='bbox 976 1013 1257 1063; x_wconf 79' lang='lat' dir='ltr'><strong>fundasse.</strong></span> <span class='ocrx_word' id='word_1_59' title='bbox 1327 1012 1449 1063; x_wconf 81' lang='lat' dir='ltr'><strong>Rus.</strong></span> <span class='ocrx_word' id='word_1_60' title='bbox 1485 1013 1556 1081; x_wconf 74' lang='grc' dir='ltr'><strong>ΙΙ.</strong></span> <span class='ocrx_word' id='word_1_61' title='bbox 1596 1014 1723 1063; x_wconf 77' lang='lat'><strong>3532</strong></span> <span class='ocrx_word' id='word_1_62' title='bbox 1760 1012 1952 1077; x_wconf 70' lang='lat' dir='ltr'><strong>pressis</strong></span> <span class='ocrx_word' id='word_1_63' title='bbox 1997 1012 2198 1061; x_wconf 73' lang='lat' dir='ltr'><strong>sedare</strong></span> <span class='ocrx_word' id='word_1_64' title='bbox 2235 1008 2457 1075; x_wconf 77' lang='lat' dir='ltr'><strong>lupetie“</strong></span> <span class='ocrx_word' id='word_1_65' title='bbox 2503 1008 2553 1061; x_wconf 83' lang='lat' dir='ltr'><strong>in</strong></span> 
     </span>
     <span class='ocr_line' id='line_1_8' title="bbox 417 1093 2555 1162; baseline -0 -15"><span class='ocrx_word' id='word_1_66' title='bbox 417 1098 601 1162; x_wconf 83' lang='lat' dir='ltr'><strong>Isingr.</strong></span> <span class='ocrx_word' id='word_1_67' title='bbox 646 1098 877 1157; x_wconf 81' lang='lat' dir='ltr'><strong>sudare,</strong></span> <span class='ocrx_word' id='word_1_68' title='bbox 922 1099 975 1147; x_wconf 88' lang='lat' dir='ltr'><strong>in</strong></span> <span class='ocrx_word' id='word_1_69' title='bbox 1014 1098 1211 1147; x_wconf 77' lang='lat' dir='ltr'><strong>Barthii</strong></span> <span class='ocrx_word' id='word_1_70' title='bbox 1247 1098 1423 1148; x_wconf 83' lang='lat' dir='ltr'><strong>codice</strong></span> <span class='ocrx_word' id='word_1_71' title='bbox 1470 1098 1684 1146; x_wconf 77' lang='lat' dir='ltr'><strong>sudare.</strong></span> <span class='ocrx_word' id='word_1_72' title='bbox 1754 1096 1898 1145; x_wconf 87' lang='lat' dir='ltr'><strong>Eutr.</strong></span> <span class='ocrx_word' id='word_1_73' title='bbox 1937 1097 1980 1145; x_wconf 90' lang='grc' dir='ltr'><strong>Ι.</strong></span> <span class='ocrx_word' id='word_1_74' title='bbox 2015 1093 2118 1147; x_wconf 87' lang='grc'><strong>476</strong></span> <span class='ocrx_word' id='word_1_75' title='bbox 2157 1093 2470 1146; x_wconf 74' lang='lat' dir='ltr'><strong>foedabitur</strong></span> <span class='ocrx_word' id='word_1_76' title='bbox 2504 1100 2555 1147; x_wconf 88' lang='lat' dir='ltr'><strong>in</strong></span> 
     </span>
     <span class='ocr_line' id='line_1_9' title="bbox 415 1178 2558 1247; baseline -0.001 -15"><span class='ocrx_word' id='word_1_77' title='bbox 415 1184 533 1233; x_wconf 86' lang='lat' dir='ltr'><strong>Put.</strong></span> <span class='ocrx_word' id='word_1_78' title='bbox 580 1183 721 1237; x_wconf 78' lang='lat' dir='ltr'><strong>Maz.</strong></span> <span class='ocrx_word' id='word_1_79' title='bbox 771 1184 951 1233; x_wconf 67' lang='lat' dir='ltr'><strong>Petzw.</strong></span> <span class='ocrx_word' id='word_1_80' title='bbox 999 1183 1176 1236; x_wconf 88' lang='lat' dir='ltr'><strong>Ambr.</strong></span> <span class='ocrx_word' id='word_1_81' title='bbox 1226 1179 1533 1233; x_wconf 77' lang='lat' dir='ltr'><strong>sedabitur.</strong></span> <span class='ocrx_word' id='word_1_82' title='bbox 1607 1182 1674 1230; x_wconf 79' lang='lat' dir='ltr'><strong>B:</strong></span> <span class='ocrx_word' id='word_1_83' title='bbox 1719 1180 1834 1231; x_wconf 83' lang='lat' dir='ltr'><strong>Get.</strong></span> <span class='ocrx_word' id='word_1_84' title='bbox 1870 1182 1998 1232; x_wconf 80' lang='lat'>465:</span> <span class='ocrx_word' id='word_1_85' title='bbox 2051 1182 2270 1245; x_wconf 81' lang='lat' dir='ltr'><strong>clipeum</strong></span> <span class='ocrx_word' id='word_1_86' title='bbox 2315 1178 2558 1247; x_wconf 77' lang='lat' dir='ltr'><strong>projectis</strong></span> 
     </span>
     <span class='ocr_line' id='line_1_10' title="bbox 414 1264 2558 1317; baseline -0.001 0"><span class='ocrx_word' id='word_1_87' title='bbox 414 1283 486 1317; x_wconf 79' lang='lat' dir='ltr'><strong>su</strong></span> <span class='ocrx_word' id='word_1_88' title='bbox 503 1282 641 1317; x_wconf 88' lang='lat' dir='ltr'><strong>mere</strong></span> <span class='ocrx_word' id='word_1_89' title='bbox 677 1266 883 1317; x_wconf 71' lang='lat' dir='ltr'><strong>rastris“</strong></span> <span class='ocrx_word' id='word_1_90' title='bbox 924 1268 975 1315; x_wconf 86' lang='lat' dir='ltr'><strong>in</strong></span> <span class='ocrx_word' id='word_1_91' title='bbox 1011 1267 1123 1316; x_wconf 77' lang='lat' dir='ltr'><strong>Pal.</strong></span> <span class='ocrx_word' id='word_1_92' title='bbox 1159 1267 1309 1316; x_wconf 83' lang='lat' dir='ltr'><strong>Fam.</strong></span> <span class='ocrx_word' id='word_1_93' title='bbox 1350 1266 1564 1317; x_wconf 78' lang='lat' dir='ltr'><strong>funere.</strong></span> <span class='ocrx_word' id='word_1_94' title='bbox 1602 1266 1697 1314; x_wconf 88' lang='lat' dir='ltr'><strong>VI.</strong></span> <span class='ocrx_word' id='word_1_95' title='bbox 1737 1264 1896 1316; x_wconf 74' lang='lat' dir='ltr'><strong>Cone.</strong></span> <span class='ocrx_word' id='word_1_96' title='bbox 1933 1267 2066 1315; x_wconf 87' lang='lat' dir='ltr'><strong>Hon.</strong></span> <span class='ocrx_word' id='word_1_97' title='bbox 2095 1269 2158 1316; x_wconf 89' lang='grc'><strong>77</strong></span> <span class='ocrx_word' id='word_1_98' title='bbox 2195 1274 2471 1316; x_wconf 75' lang='lat' dir='ltr'><strong>conserte</strong></span> <span class='ocrx_word' id='word_1_99' title='bbox 2507 1269 2558 1315; x_wconf 84' lang='lat' dir='ltr'><strong>in</strong></span> 
     </span>
     <span class='ocr_line' id='line_1_11' title="bbox 418 1348 2557 1422; baseline 0.001 -21"><span class='ocrx_word' id='word_1_100' title='bbox 418 1351 605 1412; x_wconf 63' lang='lat' dir='ltr'><strong>Oxou„</strong></span> <span class='ocrx_word' id='word_1_101' title='bbox 642 1368 739 1401; x_wconf 87' lang='lat' dir='ltr'><strong>con</strong></span> <span class='ocrx_word' id='word_1_102' title='bbox 752 1351 777 1401; x_wconf 80' lang='lat' dir='ltr'><strong>f</strong></span> <span class='ocrx_word' id='word_1_103' title='bbox 786 1368 813 1401; x_wconf 98' lang='lat' dir='ltr'><strong>e</strong></span> <span class='ocrx_word' id='word_1_104' title='bbox 826 1358 921 1399; x_wconf 82' lang='lat' dir='ltr'><strong>rta</strong></span> <span class='ocrx_word' id='word_1_105' title='bbox 946 1352 1009 1401; x_wconf 82' lang='lat' dir='ltr'><strong>-in</strong></span> <span class='ocrx_word' id='word_1_106' title='bbox 1045 1351 1229 1412; x_wconf 69' lang='lat' dir='ltr'><strong>Palm„</strong></span> <span class='ocrx_word' id='word_1_107' title='bbox 1266 1352 1399 1415; x_wconf 75' lang='lat' dir='ltr'><strong>apud</strong></span> <span class='ocrx_word' id='word_1_108' title='bbox 1437 1349 1676 1401; x_wconf 84' lang='lat' dir='ltr'><strong>Ovidium</strong></span> <span class='ocrx_word' id='word_1_109' title='bbox 1703 1348 1846 1422; x_wconf 69' lang='lat' dir='ltr'><strong>Fast.</strong></span> <span class='ocrx_word' id='word_1_110' title='bbox 1873 1350 1966 1400; x_wconf 89' lang='lat' dir='ltr'><strong>VI.</strong></span> <span class='ocrx_word' id='word_1_111' title='bbox 1993 1354 2092 1401; x_wconf 90' lang='grc'><strong>249</strong></span> <span class='ocrx_word' id='word_1_112' title='bbox 2125 1350 2274 1401; x_wconf 78' lang='lat' dir='ltr'><strong>-fave</strong></span> <span class='ocrx_word' id='word_1_113' title='bbox 2311 1353 2362 1401; x_wconf 87' lang='lat' dir='ltr'><strong>iu</strong></span> <span class='ocrx_word' id='word_1_114' title='bbox 2389 1352 2557 1405; x_wconf 87' lang='lat' dir='ltr'><strong>Berol.</strong></span> 
     </span>
     <span class='ocr_line' id='line_1_12' title="bbox 419 1432 2560 1500; baseline -0.001 -14"><span class='ocrx_word' id='word_1_115' title='bbox 419 1452 490 1487; x_wconf 86' lang='lat' dir='ltr'><strong>su</strong></span> <span class='ocrx_word' id='word_1_116' title='bbox 507 1452 535 1486; x_wconf 92' lang='lat' dir='ltr'><strong>e</strong></span> <span class='ocrx_word' id='word_1_117' title='bbox 572 1438 909 1499; x_wconf 73' lang='lat' dir='ltr'><strong>similiterque</strong></span> <span class='ocrx_word' id='word_1_118' title='bbox 946 1438 1199 1500; x_wconf 78' lang='lat' dir='ltr'><strong>permixta</strong></span> <span class='ocrx_word' id='word_1_119' title='bbox 1222 1436 1537 1499; x_wconf 82' lang='lat' dir='ltr'><strong>reperiuntur</strong></span> <span class='ocrx_word' id='word_1_120' title='bbox 1562 1436 1740 1485; x_wconf 76' lang='lat' dir='ltr'><strong>fama:</strong></span> <span class='ocrx_word' id='word_1_121' title='bbox 1778 1451 2006 1485; x_wconf 78' lang='lat' dir='ltr'><strong>summa</strong></span> <span class='ocrx_word' id='word_1_122' title='bbox 2031 1436 2206 1485; x_wconf 76' lang='lat' dir='ltr'><strong>Burin.</strong></span> <span class='ocrx_word' id='word_1_123' title='bbox 2228 1432 2358 1486; x_wconf 84' lang='lat' dir='ltr'><strong>Met.</strong></span> <span class='ocrx_word' id='word_1_124' title='bbox 2375 1436 2470 1485; x_wconf 88' lang='lat' dir='ltr'><strong>IX.</strong></span> <span class='ocrx_word' id='word_1_125' title='bbox 2497 1438 2560 1484; x_wconf 87' lang='lat'><strong>14</strong></span> 
     </span>
     <span class='ocr_line' id='line_1_13' title="bbox 420 1520 2555 1585; baseline 0.001 -15"><span class='ocrx_word' id='word_1_126' title='bbox 420 1539 467 1585; x_wconf 88' lang='lat' dir='ltr'><strong>p.</strong></span> <span class='ocrx_word' id='word_1_127' title='bbox 504 1523 619 1571; x_wconf 87' lang='grc'><strong>626.</strong></span> <span class='ocrx_word' id='word_1_128' title='bbox 658 1520 861 1571; x_wconf 80' lang='lat' dir='ltr'><strong>Silius:</strong></span> <span class='ocrx_word' id='word_1_129' title='bbox 897 1522 1055 1571; x_wconf 76' lang='lat' dir='ltr'><strong>silius</strong></span> <span class='ocrx_word' id='word_1_130' title='bbox 1090 1522 1217 1571; x_wconf 82' lang='lat' dir='ltr'><strong>Tac.</strong></span> <span class='ocrx_word' id='word_1_131' title='bbox 1240 1520 1383 1571; x_wconf 73' lang='lat' dir='ltr'><strong>Anu.</strong></span> <span class='ocrx_word' id='word_1_132' title='bbox 1420 1521 1461 1569; x_wconf 90' lang='lat'><strong>1.</strong></span> <span class='ocrx_word' id='word_1_133' title='bbox 1488 1522 1570 1569; x_wconf 87' lang='lat'><strong>31.</strong></span> <span class='ocrx_word' id='word_1_134' title='bbox 1609 1535 1775 1571; x_wconf 78' lang='lat' dir='ltr'><strong>sucus</strong></span> <span class='ocrx_word' id='word_1_135' title='bbox 1813 1529 1862 1570; x_wconf 86' lang='lat' dir='ltr'><strong>et</strong></span> <span class='ocrx_word' id='word_1_136' title='bbox 1895 1520 2059 1571; x_wconf 73' lang='lat' dir='ltr'><strong>fucus</strong></span> <span class='ocrx_word' id='word_1_137' title='bbox 2095 1520 2269 1569; x_wconf 83' lang='lat' dir='ltr'><strong>Heius.</strong></span> <span class='ocrx_word' id='word_1_138' title='bbox 2307 1530 2358 1569; x_wconf 88' lang='lat' dir='ltr'><strong>et</strong></span> <span class='ocrx_word' id='word_1_139' title='bbox 2382 1520 2555 1573; x_wconf 86' lang='lat' dir='ltr'><strong>Burm.</strong></span> 
     </span>
     <span class='ocr_line' id='line_1_14' title="bbox 422 1604 2564 1671; baseline -0.001 -16"><span class='ocrx_word' id='word_1_140' title='bbox 422 1606 691 1657; x_wconf 70' lang='lat' dir='ltr'><strong>Claudiam.</strong></span> <span class='ocrx_word' id='word_1_141' title='bbox 730 1605 847 1656; x_wconf 75' lang='lat' dir='ltr'><strong>Rus.</strong></span> <span class='ocrx_word' id='word_1_142' title='bbox 886 1606 929 1655; x_wconf 94' lang='grc' dir='ltr'><strong>Ι.</strong></span> <span class='ocrx_word' id='word_1_143' title='bbox 968 1609 1067 1657; x_wconf 86' lang='grc'><strong>208</strong></span> <span class='ocrx_word' id='word_1_144' title='bbox 1104 1622 1161 1671; x_wconf 62' lang='lat' dir='ltr'><strong>p„</strong></span> <span class='ocrx_word' id='word_1_145' title='bbox 1189 1607 1255 1656; x_wconf 89' lang='grc'><strong>47</strong></span> <span class='ocrx_word' id='word_1_146' title='bbox 1274 1620 1349 1669; x_wconf 82' lang='lat' dir='ltr'><strong>sq.</strong></span> <span class='ocrx_word' id='word_1_147' title='bbox 1421 1606 1612 1656; x_wconf 73' lang='lat' dir='ltr'><strong>Markl.</strong></span> <span class='ocrx_word' id='word_1_148' title='bbox 1651 1604 1777 1656; x_wconf 87' lang='lat' dir='ltr'><strong>Silv.</strong></span> <span class='ocrx_word' id='word_1_149' title='bbox 1813 1606 1910 1659; x_wconf 87' lang='lat'><strong>111.</strong></span> <span class='ocrx_word' id='word_1_150' title='bbox 1950 1608 1998 1669; x_wconf 90' lang='grc'><strong>2,</strong></span> <span class='ocrx_word' id='word_1_151' title='bbox 2038 1606 2135 1655; x_wconf 90' lang='grc'><strong>139</strong></span> <span class='ocrx_word' id='word_1_152' title='bbox 2169 1622 2220 1669; x_wconf 87' lang='lat' dir='ltr'><strong>p.</strong></span> <span class='ocrx_word' id='word_1_153' title='bbox 2259 1608 2358 1655; x_wconf 90' lang='grc'><strong>275</strong></span> <span class='ocrx_word' id='word_1_154' title='bbox 2393 1615 2469 1665; x_wconf 90' lang='lat' dir='ltr'><strong>et,</strong></span> <span class='ocrx_word' id='word_1_155' title='bbox 2507 1613 2564 1653; x_wconf 90' lang='lat' dir='ltr'><strong>ut</strong></span> 
     </span>
     <span class='ocr_line' id='line_1_15' title="bbox 422 1690 2562 1755; baseline -0.001 -14"><span class='ocrx_word' id='word_1_156' title='bbox 422 1691 629 1741; x_wconf 83' lang='lat' dir='ltr'><strong>silentio</strong></span> <span class='ocrx_word' id='word_1_157' title='bbox 663 1699 975 1755; x_wconf 80' lang='lat' dir='ltr'><strong>praeteream</strong></span> <span class='ocrx_word' id='word_1_158' title='bbox 1014 1690 1317 1751; x_wconf 79' lang='lat' dir='ltr'><strong>Queckium‚</strong></span> <span class='ocrx_word' id='word_1_159' title='bbox 1355 1691 1442 1752; x_wconf 87' lang='lat' dir='ltr'><strong>qui</strong></span> <span class='ocrx_word' id='word_1_160' title='bbox 1479 1690 1646 1739; x_wconf 86' lang='lat' dir='ltr'><strong>Theb.</strong></span> <span class='ocrx_word' id='word_1_161' title='bbox 1685 1690 1752 1743; x_wconf 87' lang='lat'><strong>11.</strong></span> <span class='ocrx_word' id='word_1_162' title='bbox 1793 1693 1916 1741; x_wconf 81' lang='grc'><strong>1183</strong></span> <span class='ocrx_word' id='word_1_163' title='bbox 1967 1692 2074 1739; x_wconf 82' lang='lat' dir='ltr'><strong>sine</strong></span> <span class='ocrx_word' id='word_1_164' title='bbox 2119 1691 2336 1738; x_wconf 75' lang='lat' dir='ltr'><strong>sidere</strong></span> <span class='ocrx_word' id='word_1_165' title='bbox 2372 1690 2562 1754; x_wconf 80' lang='lat' dir='ltr'><strong>coeptis</strong></span> 
     </span>
     <span class='ocr_line' id='line_1_16' title="bbox 424 1773 2558 1839; baseline -0.001 -14"><span class='ocrx_word' id='word_1_166' title='bbox 424 1773 741 1826; x_wconf 77' lang='lat' dir='ltr'><strong>Fraudibue“</strong></span> <span class='ocrx_word' id='word_1_167' title='bbox 780 1777 968 1825; x_wconf 77' lang='lat' dir='ltr'><strong>sidere</strong></span> <span class='ocrx_word' id='word_1_168' title='bbox 1003 1776 1137 1836; x_wconf 78' lang='lat' dir='ltr'><strong>fecit,</strong></span> <span class='ocrx_word' id='word_1_169' title='bbox 1173 1775 1311 1839; x_wconf 86' lang='lat' dir='ltr'><strong>quod</strong></span> <span class='ocrx_word' id='word_1_170' title='bbox 1350 1782 1427 1825; x_wconf 78' lang='lat' dir='ltr'><strong>eet</strong></span> <span class='ocrx_word' id='word_1_171' title='bbox 1461 1773 1694 1837; x_wconf 80' lang='lat' dir='ltr'><strong>fidere,</strong></span> <span class='ocrx_word' id='word_1_172' title='bbox 1732 1791 1858 1825; x_wconf 71' lang='lat' dir='ltr'><strong>cors</strong></span> <span class='ocrx_word' id='word_1_173' title='bbox 1895 1784 1946 1824; x_wconf 86' lang='lat' dir='ltr'><strong>et</strong></span> <span class='ocrx_word' id='word_1_174' title='bbox 1980 1776 2040 1825; x_wconf 84' lang='lat' dir='ltr'><strong>so</strong></span> <span class='ocrx_word' id='word_1_175' title='bbox 2054 1792 2104 1825; x_wconf 81' lang='lat' dir='ltr'><strong>rs</strong></span> <span class='ocrx_word' id='word_1_176' title='bbox 2128 1776 2290 1825; x_wconf 76' lang='lat' dir='ltr'><strong>Drak.</strong></span> <span class='ocrx_word' id='word_1_177' title='bbox 2309 1774 2420 1827; x_wconf 79' lang='lat' dir='ltr'><strong>Liv.</strong></span> <span class='ocrx_word' id='word_1_178' title='bbox 2447 1775 2488 1823; x_wconf 92' lang='lat'><strong>1.</strong></span> <span class='ocrx_word' id='word_1_179' title='bbox 2507 1776 2558 1836; x_wconf 88' lang='lat'><strong>4,</strong></span> 
     </span>
     <span class='ocr_line' id='line_1_17' title="bbox 421 1859 2564 1925; baseline 0 -15"><span class='ocrx_word' id='word_1_180' title='bbox 421 1862 456 1910; x_wconf 84' lang='lat'>4</span> <span class='ocrx_word' id='word_1_181' title='bbox 490 1877 540 1925; x_wconf 87' lang='lat' dir='ltr'><strong>p.</strong></span> <span class='ocrx_word' id='word_1_182' title='bbox 578 1862 661 1913; x_wconf 86' lang='grc'><strong>58.</strong></span> <span class='ocrx_word' id='word_1_183' title='bbox 698 1862 813 1910; x_wconf 79' lang='lat' dir='ltr'><strong>add.</strong></span> <span class='ocrx_word' id='word_1_184' title='bbox 839 1860 1048 1913; x_wconf 80' lang='lat' dir='ltr'><strong>Arator.</strong></span> <span class='ocrx_word' id='word_1_185' title='bbox 1075 1860 1113 1910; x_wconf 87' lang='lat'><strong>1.</strong></span> <span class='ocrx_word' id='word_1_186' title='bbox 1153 1862 1277 1910; x_wconf 85' lang='lat'>160:</span> <span class='ocrx_word' id='word_1_187' title='bbox 1313 1860 1399 1923; x_wconf 91' lang='lat' dir='ltr'><strong>qui</strong></span> <span class='ocrx_word' id='word_1_188' title='bbox 1436 1859 1569 1923; x_wconf 83' lang='lat' dir='ltr'><strong>figit</strong></span> <span class='ocrx_word' id='word_1_189' title='bbox 1602 1862 1655 1908; x_wconf 89' lang='lat' dir='ltr'><strong>in</strong></span> <span class='ocrx_word' id='word_1_190' title='bbox 1693 1875 1916 1923; x_wconf 84' lang='lat' dir='ltr'><strong>aequore</strong></span> <span class='ocrx_word' id='word_1_191' title='bbox 1953 1860 2202 1923; x_wconf 76' lang='lat' dir='ltr'><strong>gressus.“</strong></span> <span class='ocrx_word' id='word_1_192' title='bbox 2255 1862 2366 1909; x_wconf 87' lang='lat' dir='ltr'><strong>cod.</strong></span> <span class='ocrx_word' id='word_1_193' title='bbox 2407 1859 2564 1910; x_wconf 78' lang='lat' dir='ltr'><strong>Goth.</strong></span> 
     </span>
     <span class='ocr_line' id='line_1_18' title="bbox 424 1941 2563 2009; baseline 0 -14"><span class='ocrx_word' id='word_1_194' title='bbox 424 1947 629 1995; x_wconf 84' lang='lat' dir='ltr'><strong>membr.</strong></span> <span class='ocrx_word' id='word_1_195' title='bbox 666 1946 739 1995; x_wconf 88' lang='grc' dir='ltr'><strong>ΙΙ.</strong></span> <span class='ocrx_word' id='word_1_196' title='bbox 774 1962 860 1996; x_wconf 87' lang='lat' dir='ltr'><strong>no.</strong></span> <span class='ocrx_word' id='word_1_197' title='bbox 901 1948 1015 1997; x_wconf 88' lang='grc'><strong>115.</strong></span> <span class='ocrx_word' id='word_1_198' title='bbox 1056 1946 1171 2005; x_wconf 81' lang='lat'>116,</span> <span class='ocrx_word' id='word_1_199' title='bbox 1207 1946 1269 1995; x_wconf 80' lang='lat' dir='ltr'><strong>de</strong></span> <span class='ocrx_word' id='word_1_200' title='bbox 1306 1960 1407 2009; x_wconf 84' lang='lat' dir='ltr'><strong>quo</strong></span> <span class='ocrx_word' id='word_1_201' title='bbox 1442 1945 1565 1995; x_wconf 79' lang='lat' dir='ltr'><strong>mihi</strong></span> <span class='ocrx_word' id='word_1_202' title='bbox 1599 1946 1746 1994; x_wconf 70' lang='lat' dir='ltr'><strong>testie</strong></span> <span class='ocrx_word' id='word_1_203' title='bbox 1783 1954 1860 1995; x_wconf 78' lang='lat' dir='ltr'><strong>est</strong></span> <span class='ocrx_word' id='word_1_204' title='bbox 1892 1946 2190 1995; x_wconf 72' lang='lat' dir='ltr'><strong>Jacobsius2</strong></span> <span class='ocrx_word' id='word_1_205' title='bbox 2226 1947 2323 1994; x_wconf 83' lang='lat' dir='ltr'><strong>cui</strong></span> <span class='ocrx_word' id='word_1_206' title='bbox 2359 1941 2563 1996; x_wconf 76' lang='lat' dir='ltr'><strong>servit.</strong></span> 
     </span>
     <span class='ocr_line' id='line_1_19' title="bbox 428 2030 2566 2095; baseline 0 -14"><span class='ocrx_word' id='word_1_207' title='bbox 428 2031 625 2092; x_wconf 83' lang='lat' dir='ltr'><strong>Quibus</strong></span> <span class='ocrx_word' id='word_1_208' title='bbox 662 2032 731 2079; x_wconf 80' lang='lat' dir='ltr'><strong>ita</strong></span> <span class='ocrx_word' id='word_1_209' title='bbox 764 2031 1039 2095; x_wconf 77' lang='lat' dir='ltr'><strong>propositis</strong></span> <span class='ocrx_word' id='word_1_210' title='bbox 1068 2030 1176 2094; x_wconf 77' lang='lat' dir='ltr'><strong>jam</strong></span> <span class='ocrx_word' id='word_1_211' title='bbox 1214 2030 1454 2093; x_wconf 82' lang='lat' dir='ltr'><strong>emergit,</strong></span> <span class='ocrx_word' id='word_1_212' title='bbox 1490 2044 1593 2092; x_wconf 94' lang='lat' dir='ltr'><strong>quo</strong></span> <span class='ocrx_word' id='word_1_213' title='bbox 1633 2044 1804 2079; x_wconf 84' lang='lat' dir='ltr'><strong>errore</strong></span> <span class='ocrx_word' id='word_1_214' title='bbox 1842 2030 2020 2094; x_wconf 88' lang='lat' dir='ltr'><strong>Eclog.</strong></span> <span class='ocrx_word' id='word_1_215' title='bbox 2066 2032 2155 2083; x_wconf 78' lang='lat' dir='ltr'><strong>ult.</strong></span> <span class='ocrx_word' id='word_1_216' title='bbox 2194 2046 2239 2084; x_wconf 80' lang='lat' dir='ltr'><strong>v..</strong></span> <span class='ocrx_word' id='word_1_217' title='bbox 2279 2033 2344 2081; x_wconf 83' lang='lat'><strong>50</strong></span> <span class='ocrx_word' id='word_1_218' title='bbox 2392 2044 2566 2081; x_wconf 77' lang='lat' dir='ltr'><strong>mens</strong></span> 
     </span>
     <span class='ocr_line' id='line_1_20' title="bbox 425 2110 2563 2179; baseline 0 -14"><span class='ocrx_word' id='word_1_219' title='bbox 425 2116 663 2165; x_wconf 85' lang='lat' dir='ltr'><strong>fulmine</strong></span> <span class='ocrx_word' id='word_1_220' title='bbox 698 2117 753 2165; x_wconf 86' lang='lat' dir='ltr'><strong>in</strong></span> <span class='ocrx_word' id='word_1_221' title='bbox 789 2116 952 2165; x_wconf 62' lang='lat' dir='ltr'><strong>Rhea.</strong></span> <span class='ocrx_word' id='word_1_222' title='bbox 992 2116 1288 2179; x_wconf 79' lang='lat' dir='ltr'><strong>provenerit</strong></span> <span class='ocrx_word' id='word_1_223' title='bbox 1323 2128 1453 2165; x_wconf 88' lang='lat' dir='ltr'><strong>men</strong></span> <span class='ocrx_word' id='word_1_224' title='bbox 1492 2110 1734 2165; x_wconf 83' lang='lat' dir='ltr'><strong>fulmine</strong></span> <span class='ocrx_word' id='word_1_225' title='bbox 1773 2122 1824 2163; x_wconf 83' lang='lat' dir='ltr'><strong>et</strong></span> <span class='ocrx_word' id='word_1_226' title='bbox 1859 2116 1910 2163; x_wconf 87' lang='lat' dir='ltr'><strong>in</strong></span> <span class='ocrx_word' id='word_1_227' title='bbox 1946 2117 2325 2179; x_wconf 77' lang='lat' dir='ltr'><strong>Epigrammate</strong></span> <span class='ocrx_word' id='word_1_228' title='bbox 2367 2116 2563 2165; x_wconf 77' lang='lat' dir='ltr'><strong>Anth.</strong></span> 
     </span>
     <span class='ocr_line' id='line_1_21' title="bbox 426 2196 2567 2265; baseline 0 -16"><span class='ocrx_word' id='word_1_229' title='bbox 426 2200 562 2250; x_wconf 82' lang='lat' dir='ltr'><strong>Lat.</strong></span> <span class='ocrx_word' id='word_1_230' title='bbox 598 2201 697 2250; x_wconf 87' lang='lat'><strong>111.</strong></span> <span class='ocrx_word' id='word_1_231' title='bbox 734 2204 816 2261; x_wconf 83' lang='lat'><strong>82,</strong></span> <span class='ocrx_word' id='word_1_232' title='bbox 854 2202 918 2250; x_wconf 83' lang='lat'><strong>19</strong></span> <span class='ocrx_word' id='word_1_233' title='bbox 954 2217 1005 2265; x_wconf 86' lang='lat' dir='ltr'><strong>p.</strong></span> <span class='ocrx_word' id='word_1_234' title='bbox 1043 2201 1143 2251; x_wconf 84' lang='lat'><strong>533</strong></span> <span class='ocrx_word' id='word_1_235' title='bbox 1188 2196 1317 2264; x_wconf 88' lang='lat' dir='ltr'><strong>(Sin.</strong></span> <span class='ocrx_word' id='word_1_236' title='bbox 1357 2199 1451 2249; x_wconf 90' lang='lat' dir='ltr'><strong>VI.</strong></span> <span class='ocrx_word' id='word_1_237' title='bbox 1490 2200 1521 2248; x_wconf 89' lang='lat'><strong>3</strong></span> <span class='ocrx_word' id='word_1_238' title='bbox 1557 2209 1664 2249; x_wconf 85' lang='lat' dir='ltr'><strong>not.</strong></span> <span class='ocrx_word' id='word_1_239' title='bbox 1703 2202 1768 2249; x_wconf 89' lang='lat'><strong>30</strong></span> <span class='ocrx_word' id='word_1_240' title='bbox 1813 2218 1864 2264; x_wconf 87' lang='lat' dir='ltr'><strong>p.</strong></span> <span class='ocrx_word' id='word_1_241' title='bbox 1907 2199 2055 2261; x_wconf 81' lang='lat'>119):</span> <span class='ocrx_word' id='word_1_242' title='bbox 2109 2200 2278 2249; x_wconf 76' lang='lat' dir='ltr'><strong>foetu</strong></span> <span class='ocrx_word' id='word_1_243' title='bbox 2330 2200 2567 2264; x_wconf 77' lang='lat' dir='ltr'><strong>procellis</strong></span> 
     </span>
     <span class='ocr_line' id='line_1_22' title="bbox 426 2283 2567 2349; baseline -0 -15"><span class='ocrx_word' id='word_1_244' title='bbox 426 2283 697 2349; x_wconf 80' lang='lat' dir='ltr'><strong>Aequoru“</strong></span> <span class='ocrx_word' id='word_1_245' title='bbox 744 2286 795 2335; x_wconf 88' lang='lat' dir='ltr'><strong>in</strong></span> <span class='ocrx_word' id='word_1_246' title='bbox 834 2286 1000 2347; x_wconf 50' lang='lat' dir='ltr'><strong>Voss„</strong></span> <span class='ocrx_word' id='word_1_247' title='bbox 1021 2286 1207 2335; x_wconf 75' lang='lat' dir='ltr'><strong>saecla</strong></span> <span class='ocrx_word' id='word_1_248' title='bbox 1261 2284 1419 2349; x_wconf 87' lang='lat' dir='ltr'><strong>(quod</strong></span> <span class='ocrx_word' id='word_1_249' title='bbox 1466 2286 1756 2335; x_wconf 82' lang='lat' dir='ltr'><strong>memoriam</strong></span> <span class='ocrx_word' id='word_1_250' title='bbox 1803 2284 1954 2335; x_wconf 76' lang='lat' dir='ltr'><strong>affert</strong></span> <span class='ocrx_word' id='word_1_251' title='bbox 1985 2284 2323 2335; x_wconf 73' lang='lat' dir='ltr'><strong>Martialis</strong></span> <span class='ocrx_word' id='word_1_252' title='bbox 2375 2298 2567 2345; x_wconf 67' lang='lat' dir='ltr'><strong>remus,</strong></span> 
     </span>
     <span class='ocr_line' id='line_1_23' title="bbox 430 2369 2567 2434; baseline -0.001 -15"><span class='ocrx_word' id='word_1_253' title='bbox 430 2370 525 2421; x_wconf 89' lang='lat' dir='ltr'><strong>IX.</strong></span> <span class='ocrx_word' id='word_1_254' title='bbox 545 2371 627 2431; x_wconf 83' lang='lat'><strong>41,</strong></span> <span class='ocrx_word' id='word_1_255' title='bbox 648 2373 709 2420; x_wconf 90' lang='grc'><strong>83</strong></span> <span class='ocrx_word' id='word_1_256' title='bbox 739 2371 935 2433; x_wconf 67' lang='lat' dir='ltr'><strong>,gaudia</strong></span> <span class='ocrx_word' id='word_1_257' title='bbox 970 2370 1115 2419; x_wconf 78' lang='lat' dir='ltr'><strong>foed</strong></span> <span class='ocrx_word' id='word_1_258' title='bbox 1130 2369 1197 2419; x_wconf 79' lang='lat' dir='ltr'><strong>a“</strong></span> <span class='ocrx_word' id='word_1_259' title='bbox 1238 2371 1335 2419; x_wconf 83' lang='lat' dir='ltr'><strong>hoc</strong></span> <span class='ocrx_word' id='word_1_260' title='bbox 1371 2371 1539 2434; x_wconf 75' lang='lat' dir='ltr'><strong>potius</strong></span> <span class='ocrx_word' id='word_1_261' title='bbox 1574 2372 1745 2430; x_wconf 83' lang='lat' dir='ltr'><strong>mode,</strong></span> <span class='ocrx_word' id='word_1_262' title='bbox 1782 2386 1873 2434; x_wconf 88' lang='lat' dir='ltr'><strong>pro</strong></span> <span class='ocrx_word' id='word_1_263' title='bbox 1909 2386 2010 2432; x_wconf 89' lang='lat' dir='ltr'><strong>quo</strong></span> <span class='ocrx_word' id='word_1_264' title='bbox 2035 2370 2156 2419; x_wconf 90' lang='lat' dir='ltr'><strong>nolo</strong></span> <span class='ocrx_word' id='word_1_265' title='bbox 2187 2372 2404 2419; x_wconf 72' lang='lat' dir='ltr'><strong>disertus</strong></span> <span class='ocrx_word' id='word_1_266' title='bbox 2431 2384 2567 2419; x_wconf 70' lang='lat' dir='ltr'><strong>eene:</strong></span> 
     </span>
     <span class='ocr_line' id='line_1_24' title="bbox 431 2454 2568 2519; baseline -0 -15"><span class='ocrx_word' id='word_1_267' title='bbox 431 2456 619 2519; x_wconf 76' lang='lat' dir='ltr'><strong>gaudia</strong></span> <span class='ocrx_word' id='word_1_268' title='bbox 656 2454 835 2505; x_wconf 73' lang='lat' dir='ltr'><strong>foeta</strong></span> <span class='ocrx_word' id='word_1_269' title='bbox 870 2454 933 2505; x_wconf 80' lang='lat' dir='ltr'><strong>ef.</strong></span> <span class='ocrx_word' id='word_1_270' title='bbox 972 2454 1081 2505; x_wconf 82' lang='lat' dir='ltr'><strong>Sin.</strong></span> <span class='ocrx_word' id='word_1_271' title='bbox 1117 2456 1151 2505; x_wconf 85' lang='lat' dir='ltr'><strong>l.</strong></span> <span class='ocrx_word' id='word_1_272' title='bbox 1178 2456 1243 2515; x_wconf 86' lang='lat' dir='ltr'><strong>d.‚</strong></span> <span class='ocrx_word' id='word_1_273' title='bbox 1281 2470 1430 2517; x_wconf 76' lang='lat' dir='ltr'><strong>quam</strong></span> <span class='ocrx_word' id='word_1_274' title='bbox 1468 2471 1568 2518; x_wconf 89' lang='lat' dir='ltr'><strong>quo</strong></span> <span class='ocrx_word' id='word_1_275' title='bbox 1604 2454 1770 2504; x_wconf 86' lang='lat' dir='ltr'><strong>voluit</strong></span> <span class='ocrx_word' id='word_1_276' title='bbox 1803 2455 2110 2506; x_wconf 74' lang='lat' dir='ltr'><strong>Seriverius:</strong></span> <span class='ocrx_word' id='word_1_277' title='bbox 2147 2470 2335 2504; x_wconf 74' lang='lat' dir='ltr'><strong>saeva</strong></span> <span class='ocrx_word' id='word_1_278' title='bbox 2371 2470 2568 2504; x_wconf 81' lang='lat' dir='ltr'><strong>emacu-</strong></span> 
     </span>
     <span class='ocr_line' id='line_1_25' title="bbox 431 2538 2569 2604; baseline -0 -14"><span class='ocrx_word' id='word_1_279' title='bbox 431 2538 611 2603; x_wconf 80' lang='lat' dir='ltr'><strong>laudi).</strong></span> <span class='ocrx_word' id='word_1_280' title='bbox 682 2538 863 2604; x_wconf 84' lang='lat' dir='ltr'><strong>Neque</strong></span> <span class='ocrx_word' id='word_1_281' title='bbox 898 2540 995 2587; x_wconf 85' lang='lat' dir='ltr'><strong>hoe</strong></span> <span class='ocrx_word' id='word_1_282' title='bbox 1032 2554 1133 2588; x_wconf 85' lang='lat' dir='ltr'><strong>non</strong></span> <span class='ocrx_word' id='word_1_283' title='bbox 1170 2540 1473 2603; x_wconf 79' lang='lat' dir='ltr'><strong>perspicitur</strong></span> <span class='ocrx_word' id='word_1_284' title='bbox 1508 2542 1647 2603; x_wconf 79' lang='lat' dir='ltr'><strong>apud</strong></span> <span class='ocrx_word' id='word_1_285' title='bbox 1682 2540 1978 2590; x_wconf 86' lang='lat' dir='ltr'><strong>Servium</strong></span> <span class='ocrx_word' id='word_1_286' title='bbox 2006 2539 2150 2603; x_wconf 86' lang='lat' dir='ltr'><strong>Virg.</strong></span> <span class='ocrx_word' id='word_1_287' title='bbox 2189 2540 2322 2589; x_wconf 87' lang='lat' dir='ltr'><strong>Aen.</strong></span> <span class='ocrx_word' id='word_1_288' title='bbox 2348 2539 2442 2587; x_wconf 90' lang='lat' dir='ltr'><strong>VI.</strong></span> <span class='ocrx_word' id='word_1_289' title='bbox 2470 2540 2569 2589; x_wconf 82' lang='lat'><strong>565</strong></span> 
     </span>
     <span class='ocr_line' id='line_1_26' title="bbox 432 2622 2570 2689; baseline -0.001 -14"><span class='ocrx_word' id='word_1_290' title='bbox 432 2642 483 2689; x_wconf 88' lang='lat' dir='ltr'><strong>p.</strong></span> <span class='ocrx_word' id='word_1_291' title='bbox 522 2628 652 2675; x_wconf 83' lang='lat'><strong>387:</strong></span> <span class='ocrx_word' id='word_1_292' title='bbox 689 2625 927 2673; x_wconf 78' lang='lat' dir='ltr'><strong>Fertur</strong></span> <span class='ocrx_word' id='word_1_293' title='bbox 960 2638 1181 2686; x_wconf 79' lang='lat' dir='ltr'><strong>namque</strong></span> <span class='ocrx_word' id='word_1_294' title='bbox 1217 2624 1283 2673; x_wconf 82' lang='lat' dir='ltr'><strong>ab</strong></span> <span class='ocrx_word' id='word_1_295' title='bbox 1318 2622 1560 2688; x_wconf 85' lang='lat' dir='ltr'><strong>Orpheo“</strong></span> <span class='ocrx_word' id='word_1_296' title='bbox 1602 2626 1722 2675; x_wconf 87' lang='lat' dir='ltr'><strong>olim</strong></span> <span class='ocrx_word' id='word_1_297' title='bbox 1761 2625 1999 2689; x_wconf 82' lang='lat' dir='ltr'><strong>scriptum</strong></span> <span class='ocrx_word' id='word_1_298' title='bbox 2036 2623 2191 2674; x_wconf 69' lang='lat' dir='ltr'><strong>suisne</strong></span> <span class='ocrx_word' id='word_1_299' title='bbox 2235 2625 2570 2683; x_wconf 69' lang='lat' dir='ltr'><strong>asseritur,</strong></span> 
     </span>
    </p>
   </div>
   <div class='ocr_carea' id='block_1_3' title="bbox 431 2708 2569 2855">
    <p class='ocr_par' dir='ltr' id='par_1_3' title="bbox 431 2708 2569 2855">
     <span class='ocr_line' id='line_1_27' title="bbox 432 2708 2569 2773; baseline 0 -16"><span class='ocrx_word' id='word_1_300' title='bbox 432 2710 484 2757; x_wconf 85' lang='lat' dir='ltr'><strong>id</strong></span> <span class='ocrx_word' id='word_1_301' title='bbox 522 2710 661 2773; x_wconf 86' lang='lat' dir='ltr'><strong>quod</strong></span> <span class='ocrx_word' id='word_1_302' title='bbox 695 2709 928 2773; x_wconf 81' lang='lat' dir='ltr'><strong>pluribus</strong></span> <span class='ocrx_word' id='word_1_303' title='bbox 962 2709 1015 2756; x_wconf 89' lang='lat' dir='ltr'><strong>in</strong></span> <span class='ocrx_word' id='word_1_304' title='bbox 1050 2709 1301 2757; x_wconf 85' lang='lat' dir='ltr'><strong>Emendd.</strong></span> <span class='ocrx_word' id='word_1_305' title='bbox 1336 2708 1489 2773; x_wconf 87' lang='lat' dir='ltr'><strong>Prop.</strong></span> <span class='ocrx_word' id='word_1_306' title='bbox 1521 2709 1674 2760; x_wconf 86' lang='lat' dir='ltr'><strong>VIII.</strong></span> <span class='ocrx_word' id='word_1_307' title='bbox 1711 2713 1741 2759; x_wconf 87' lang='lat'><strong><em>2</em></strong></span> <span class='ocrx_word' id='word_1_308' title='bbox 1779 2711 2020 2759; x_wconf 77' lang='lat' dir='ltr'><strong>adversus</strong></span> <span class='ocrx_word' id='word_1_309' title='bbox 2057 2709 2334 2773; x_wconf 81' lang='lat' dir='ltr'><strong>Hauptium</strong></span> <span class='ocrx_word' id='word_1_310' title='bbox 2372 2710 2569 2758; x_wconf 88' lang='lat' dir='ltr'><strong>obtine·</strong></span> 
     </span>
     <span class='ocr_line' id='line_1_28' title="bbox 431 2792 1968 2855; baseline 0.001 -13"><span class='ocrx_word' id='word_1_311' title='bbox 431 2794 607 2853; x_wconf 73' lang='lat' dir='ltr'><strong>bimuS,</strong></span> <span class='ocrx_word' id='word_1_312' title='bbox 646 2802 713 2854; x_wconf 88' lang='lat' dir='ltr'><strong>et,</strong></span> <span class='ocrx_word' id='word_1_313' title='bbox 748 2801 807 2843; x_wconf 81' lang='lat' dir='ltr'><strong>ut</strong></span> <span class='ocrx_word' id='word_1_314' title='bbox 838 2794 905 2841; x_wconf 82' lang='lat' dir='ltr'><strong>ad</strong></span> <span class='ocrx_word' id='word_1_315' title='bbox 940 2793 1163 2843; x_wconf 76' lang='lat' dir='ltr'><strong>Statium</strong></span> <span class='ocrx_word' id='word_1_316' title='bbox 1200 2795 1485 2855; x_wconf 70' lang='lat' dir='ltr'><strong>redeamu3‚</strong></span> <span class='ocrx_word' id='word_1_317' title='bbox 1524 2792 1647 2844; x_wconf 74' lang='lat' dir='ltr'><strong>silv,</strong></span> <span class='ocrx_word' id='word_1_318' title='bbox 1685 2794 1753 2847; x_wconf 92' lang='grc' dir='ltr'><strong>ΙΙ.</strong></span> <span class='ocrx_word' id='word_1_319' title='bbox 1793 2798 1838 2855; x_wconf 90' lang='grc'><strong>1,</strong></span> <span class='ocrx_word' id='word_1_320' title='bbox 1876 2796 1968 2845; x_wconf 82' lang='lat'><strong>67:</strong></span> 
     </span>
    </p>
   </div>
   <div class='ocr_carea' id='block_1_4' title="bbox 407 2878 2574 3283">
    <p class='ocr_par' dir='ltr' id='par_1_4' title="bbox 407 2878 2574 3283">
     <span class='ocr_line' id='line_1_29' title="bbox 894 2878 2107 2942; baseline 0.001 -16"><span class='ocrx_word' id='word_1_321' title='bbox 894 2878 1046 2927; x_wconf 79' lang='lat' dir='ltr'><strong>Muta</strong></span> <span class='ocrx_word' id='word_1_322' title='bbox 1081 2879 1276 2941; x_wconf 75' lang='lat' dir='ltr'><strong>domne,</strong></span> <span class='ocrx_word' id='word_1_323' title='bbox 1314 2878 1497 2939; x_wconf 81' lang='lat' dir='ltr'><strong>fateor,</strong></span> <span class='ocrx_word' id='word_1_324' title='bbox 1534 2879 1848 2941; x_wconf 78' lang='lat' dir='ltr'><strong>desolatique</strong></span> <span class='ocrx_word' id='word_1_325' title='bbox 1883 2885 2107 2942; x_wconf 69' lang='lat' dir='ltr'><strong>penaten,</strong></span> 
     </span>
     <span class='ocr_line' id='line_1_30' title="bbox 433 2962 2570 3027; baseline -0 -14"><span class='ocrx_word' id='word_1_326' title='bbox 433 2979 585 3027; x_wconf 81' lang='lat' dir='ltr'><strong>quam</strong></span> <span class='ocrx_word' id='word_1_327' title='bbox 623 2965 915 3027; x_wconf 77' lang='lat' dir='ltr'><strong>adspersam</strong></span> <span class='ocrx_word' id='word_1_328' title='bbox 952 2978 1061 3013; x_wconf 73' lang='lat' dir='ltr'><strong>esse</strong></span> <span class='ocrx_word' id='word_1_329' title='bbox 1096 2964 1344 3013; x_wconf 78' lang='lat' dir='ltr'><strong>maculam</strong></span> <span class='ocrx_word' id='word_1_330' title='bbox 1380 2980 1493 3013; x_wconf 85' lang='lat' dir='ltr'><strong>cum</strong></span> <span class='ocrx_word' id='word_1_331' title='bbox 1534 2977 1714 3013; x_wconf 78' lang='lat' dir='ltr'><strong>omnes</strong></span> <span class='ocrx_word' id='word_1_332' title='bbox 1764 2970 2121 3013; x_wconf 77' lang='lat' dir='ltr'><strong>concesserunt</strong></span> <span class='ocrx_word' id='word_1_333' title='bbox 2167 2972 2272 3011; x_wconf 90' lang='lat' dir='ltr'><strong>tum</strong></span> <span class='ocrx_word' id='word_1_334' title='bbox 2309 2962 2570 3023; x_wconf 77' lang='lat' dir='ltr'><strong>Queckius</strong></span> 
     </span>
     <span class='ocr_line' id='line_1_31' title="bbox 433 3048 2573 3113; baseline 0 -16"><span class='ocrx_word' id='word_1_335' title='bbox 433 3065 482 3112; x_wconf 89' lang='lat' dir='ltr'><strong>p.</strong></span> <span class='ocrx_word' id='word_1_336' title='bbox 520 3049 685 3099; x_wconf 84' lang='lat' dir='ltr'>XIII:</span> <span class='ocrx_word' id='word_1_337' title='bbox 745 3062 961 3111; x_wconf 75' lang='lat' dir='ltr'><strong>„omnes</strong></span> <span class='ocrx_word' id='word_1_338' title='bbox 998 3048 1111 3097; x_wconf 85' lang='lat' dir='ltr'><strong>libri</strong></span> <span class='ocrx_word' id='word_1_339' title='bbox 1156 3048 1394 3108; x_wconf 80' lang='lat' dir='ltr'><strong>fateor,</strong></span> <span class='ocrx_word' id='word_1_340' title='bbox 1450 3064 1758 3113; x_wconf 80' lang='lat' dir='ltr'><strong>quemquam</strong></span> <span class='ocrx_word' id='word_1_341' title='bbox 1804 3063 2109 3113; x_wconf 79' lang='lat' dir='ltr'><strong>magnopere</strong></span> <span class='ocrx_word' id='word_1_342' title='bbox 2151 3048 2366 3111; x_wconf 79' lang='lat' dir='ltr'><strong>languet</strong></span> <span class='ocrx_word' id='word_1_343' title='bbox 2409 3063 2573 3111; x_wconf 82' lang='lat' dir='ltr'><strong>neque</strong></span> 
     </span>
     <span class='ocr_line' id='line_1_32' title="bbox 407 3133 2571 3199; baseline 0 -18"><span class='ocrx_word' id='word_1_344' title='bbox 407 3134 525 3183; x_wconf 78' lang='lat' dir='ltr'><strong>·tali</strong></span> <span class='ocrx_word' id='word_1_345' title='bbox 562 3135 713 3183; x_wconf 86' lang='lat' dir='ltr'><strong>modo</strong></span> <span class='ocrx_word' id='word_1_346' title='bbox 750 3134 1003 3199; x_wconf 85' lang='lat' dir='ltr'><strong>interponi</strong></span> <span class='ocrx_word' id='word_1_347' title='bbox 1040 3134 1183 3183; x_wconf 68' lang='lat' dir='ltr'><strong>solet.</strong></span> <span class='ocrx_word' id='word_1_348' title='bbox 1257 3133 1507 3197; x_wconf 83' lang='lat' dir='ltr'><strong>Displicet</strong></span> <span class='ocrx_word' id='word_1_349' title='bbox 1541 3136 1690 3184; x_wconf 83' lang='lat' dir='ltr'><strong>etiam</strong></span> <span class='ocrx_word' id='word_1_350' title='bbox 1728 3134 2020 3183; x_wconf 80' lang='lat' dir='ltr'><strong>Marklandi</strong></span> <span class='ocrx_word' id='word_1_351' title='bbox 2057 3134 2350 3196; x_wconf 79' lang='lat' dir='ltr'><strong>conjectura</strong></span> <span class='ocrx_word' id='word_1_352' title='bbox 2398 3134 2571 3197; x_wconf 81' lang='lat' dir='ltr'><strong>pari-</strong></span> 
     </span>
     <span class='ocr_line' id='line_1_33' title="bbox 435 3218 2574 3283; baseline 0 -16"><span class='ocrx_word' id='word_1_353' title='bbox 435 3224 557 3279; x_wconf 89' lang='lat' dir='ltr'><strong>ter;</strong></span> <span class='ocrx_word' id='word_1_354' title='bbox 593 3220 797 3268; x_wconf 85' lang='lat' dir='ltr'><strong>invenio</strong></span> <span class='ocrx_word' id='word_1_355' title='bbox 832 3225 1095 3283; x_wconf 79' lang='lat' dir='ltr'><strong>praetereo</strong></span> <span class='ocrx_word' id='word_1_356' title='bbox 1133 3220 1477 3281; x_wconf 78' lang='lat' dir='ltr'><strong>conjecturas:</strong></span> <span class='ocrx_word' id='word_1_357' title='bbox 1514 3228 1652 3267; x_wconf 79' lang='lat' dir='ltr'><strong>muta</strong></span> <span class='ocrx_word' id='word_1_358' title='bbox 1677 3220 1858 3269; x_wconf 77' lang='lat' dir='ltr'><strong>domus</strong></span> <span class='ocrx_word' id='word_1_359' title='bbox 1894 3218 2104 3267; x_wconf 79' lang='lat' dir='ltr'><strong>facies</strong></span> <span class='ocrx_word' id='word_1_360' title='bbox 2143 3224 2195 3267; x_wconf 88' lang='lat' dir='ltr'><strong>et</strong></span> <span class='ocrx_word' id='word_1_361' title='bbox 2229 3226 2369 3267; x_wconf 78' lang='lat' dir='ltr'><strong>muta</strong></span> <span class='ocrx_word' id='word_1_362' title='bbox 2393 3220 2574 3267; x_wconf 79' lang='lat' dir='ltr'><strong>domus</strong></span> 
     </span>
    </p>
   </div>
   <div class='ocr_carea' id='block_1_5' title="bbox 438 3302 2574 3451">
    <p class='ocr_par' dir='ltr' id='par_1_5' title="bbox 438 3302 2574 3451">
     <span class='ocr_line' id='line_1_34' title="bbox 438 3302 2574 3381; baseline 0 -30"><span class='ocrx_word' id='word_1_363' title='bbox 438 3303 693 3364; x_wconf 84' lang='lat' dir='ltr'><strong>Meli0r;</strong></span> <span class='ocrx_word' id='word_1_364' title='bbox 728 3320 834 3354; x_wconf 83' lang='lat' dir='ltr'><strong>vox</strong></span> <span class='ocrx_word' id='word_1_365' title='bbox 870 3305 978 3353; x_wconf 80' lang='lat' dir='ltr'><strong>sine</strong></span> <span class='ocrx_word' id='word_1_366' title='bbox 1014 3304 1169 3352; x_wconf 88' lang='lat' dir='ltr'><strong>dubio</strong></span> <span class='ocrx_word' id='word_1_367' title='bbox 1204 3310 1441 3367; x_wconf 78' lang='lat' dir='ltr'><strong>corrupta</strong></span> <span class='ocrx_word' id='word_1_368' title='bbox 1478 3302 1599 3368; x_wconf 79' lang='lat' dir='ltr'><strong>eet,“</strong></span> <span class='ocrx_word' id='word_1_369' title='bbox 1642 3319 1752 3353; x_wconf 76' lang='lat' dir='ltr'><strong>eam</strong></span> <span class='ocrx_word' id='word_1_370' title='bbox 1788 3305 1942 3367; x_wconf 79' lang='lat' dir='ltr'><strong>igitur</strong></span> <span class='ocrx_word' id='word_1_371' title='bbox 1975 3303 2226 3353; x_wconf 78' lang='lat' dir='ltr'><strong>maculam</strong></span> <span class='ocrx_word' id='word_1_372' title='bbox 2263 3304 2574 3381; x_wconf 75' lang='lat' dir='ltr'><strong>perspicit-ur</strong></span> 
     </span>
     <span class='ocr_line' id='line_1_35' title="bbox 439 3388 1211 3451; baseline 0.003 -14"><span class='ocrx_word' id='word_1_373' title='bbox 439 3403 559 3437; x_wconf 84' lang='lat' dir='ltr'><strong>vere</strong></span> <span class='ocrx_word' id='word_1_374' title='bbox 596 3389 818 3451; x_wconf 76' lang='lat' dir='ltr'><strong>abstergi</strong></span> <span class='ocrx_word' id='word_1_375' title='bbox 852 3388 951 3437; x_wconf 77' lang='lat' dir='ltr'><strong>hae</strong></span> <span class='ocrx_word' id='word_1_376' title='bbox 986 3388 1211 3439; x_wconf 84' lang='lat' dir='ltr'><strong>ratione:</strong></span> 
     </span>
    </p>
   </div>
   <div class='ocr_carea' id='block_1_6' title="bbox 436 3472 2756 4539">
    <p class='ocr_par' dir='ltr' id='par_1_6' title="bbox 436 3472 2756 4539">
     <span class='ocr_line' id='line_1_36' title="bbox 741 3472 2457 3535; baseline 0.003 -12"><span class='ocrx_word' id='word_1_377' title='bbox 741 3472 891 3523; x_wconf 77' lang='lat' dir='ltr'><strong>Muta</strong></span> <span class='ocrx_word' id='word_1_378' title='bbox 924 3474 1102 3523; x_wconf 81' lang='lat' dir='ltr'><strong>domus</strong></span> <span class='ocrx_word' id='word_1_379' title='bbox 1138 3475 1337 3523; x_wconf 78' lang='lat' dir='ltr'><strong>statio</strong></span> <span class='ocrx_word' id='word_1_380' title='bbox 2445 3524 2457 3535; x_wconf 82' lang='lat'><em>,</em></span> 
     </span>
     <span class='ocr_line' id='line_1_37' title="bbox 442 3554 2576 3623; baseline 0.003 -18"><span class='ocrx_word' id='word_1_381' title='bbox 442 3558 504 3611; x_wconf 79' lang='lat' dir='ltr'><strong>ef.</strong></span> <span class='ocrx_word' id='word_1_382' title='bbox 544 3558 781 3611; x_wconf 81' lang='lat' dir='ltr'><strong>Bernart.</strong></span> <span class='ocrx_word' id='word_1_383' title='bbox 820 3558 982 3607; x_wconf 85' lang='lat' dir='ltr'><strong>Theb.</strong></span> <span class='ocrx_word' id='word_1_384' title='bbox 1023 3554 1063 3610; x_wconf 93' lang='lat' dir='ltr'><strong>I.</strong></span> <span class='ocrx_word' id='word_1_385' title='bbox 1106 3560 1201 3607; x_wconf 88' lang='lat'><strong>148</strong></span> <span class='ocrx_word' id='word_1_386' title='bbox 1236 3575 1285 3623; x_wconf 90' lang='lat' dir='ltr'><strong>p.</strong></span> <span class='ocrx_word' id='word_1_387' title='bbox 1324 3559 1384 3611; x_wconf 87' lang='grc'><strong>17</strong></span> <span class='ocrx_word' id='word_1_388' title='bbox 1424 3574 1498 3622; x_wconf 73' lang='lat' dir='ltr'><strong>sq.</strong></span> <span class='ocrx_word' id='word_1_389' title='bbox 1551 3560 1724 3609; x_wconf 85' lang='lat' dir='ltr'><strong>Burm.</strong></span> <span class='ocrx_word' id='word_1_390' title='bbox 1765 3560 1960 3609; x_wconf 76' lang='lat' dir='ltr'><strong>Lucan.</strong></span> <span class='ocrx_word' id='word_1_391' title='bbox 1999 3560 2042 3608; x_wconf 87' lang='grc' dir='ltr'><strong>Ι.</strong></span> <span class='ocrx_word' id='word_1_392' title='bbox 2079 3560 2146 3609; x_wconf 82' lang='grc'><strong>45</strong></span> <span class='ocrx_word' id='word_1_393' title='bbox 2185 3576 2232 3623; x_wconf 90' lang='lat' dir='ltr'><strong>p.</strong></span> <span class='ocrx_word' id='word_1_394' title='bbox 2275 3562 2349 3613; x_wconf 84' lang='lat'><strong>16.</strong></span> <span class='ocrx_word' id='word_1_395' title='bbox 2399 3560 2576 3611; x_wconf 82' lang='lat' dir='ltr'><strong>Burm.</strong></span> 
     </span>
     <span class='ocr_line' id='line_1_38' title="bbox 439 3634 2648 3707; baseline 0.003 -16"><span class='ocrx_word' id='word_1_396' title='bbox 439 3642 593 3706; x_wconf 87' lang='lat' dir='ltr'><strong>Prop.</strong></span> <span class='ocrx_word' id='word_1_397' title='bbox 630 3643 728 3696; x_wconf 87' lang='lat'><strong>111.</strong></span> <span class='ocrx_word' id='word_1_398' title='bbox 767 3645 815 3702; x_wconf 91' lang='grc'><strong>8,</strong></span> <span class='ocrx_word' id='word_1_399' title='bbox 851 3644 911 3691; x_wconf 89' lang='grc'><strong>21</strong></span> <span class='ocrx_word' id='word_1_400' title='bbox 952 3658 1003 3705; x_wconf 89' lang='lat' dir='ltr'><strong>p.</strong></span> <span class='ocrx_word' id='word_1_401' title='bbox 1040 3644 1155 3692; x_wconf 90' lang='grc'><strong>581.</strong></span> <span class='ocrx_word' id='word_1_402' title='bbox 1203 3643 1365 3691; x_wconf 88' lang='lat' dir='ltr'><strong>Theb.</strong></span> <span class='ocrx_word' id='word_1_403' title='bbox 1404 3643 1527 3694; x_wconf 86' lang='lat' dir='ltr'><strong>VII.</strong></span> <span class='ocrx_word' id='word_1_404' title='bbox 1562 3646 1629 3693; x_wconf 85' lang='lat'><strong>47</strong></span> <span class='ocrx_word' id='word_1_405' title='bbox 1642 3656 1656 3694; x_wconf 85' lang='grc'><strong>3</strong></span> <span class='ocrx_word' id='word_1_406' title='bbox 1705 3645 1882 3707; x_wconf 77' lang='lat' dir='ltr'><strong>Digna</strong></span> <span class='ocrx_word' id='word_1_407' title='bbox 1925 3645 2042 3693; x_wconf 86' lang='lat' dir='ltr'><strong>loeo</strong></span> <span class='ocrx_word' id='word_1_408' title='bbox 2087 3643 2286 3695; x_wconf 79' lang='lat' dir='ltr'><strong>statio.“</strong></span> <span class='ocrx_word' id='word_1_409' title='bbox 2361 3643 2577 3705; x_wconf 83' lang='lat' dir='ltr'><strong>Quintil.</strong></span> <span class='ocrx_word' id='word_1_410' title='bbox 2639 3634 2648 3641; x_wconf 45' lang='lat'><em>⁶</em></span> 
     </span>
     <span class='ocr_line' id='line_1_39' title="bbox 436 3727 2572 3792; baseline 0.003 -17"><span class='ocrx_word' id='word_1_411' title='bbox 436 3727 582 3778; x_wconf 85' lang='lat' dir='ltr'><strong>Deel.</strong></span> <span class='ocrx_word' id='word_1_412' title='bbox 620 3727 715 3777; x_wconf 92' lang='lat' dir='ltr'><strong>VI.</strong></span> <span class='ocrx_word' id='word_1_413' title='bbox 756 3730 817 3777; x_wconf 89' lang='grc'><strong>17</strong></span> <span class='ocrx_word' id='word_1_414' title='bbox 852 3744 900 3792; x_wconf 90' lang='lat' dir='ltr'><strong>p.</strong></span> <span class='ocrx_word' id='word_1_415' title='bbox 944 3728 1067 3777; x_wconf 83' lang='lat'>145:</span> <span class='ocrx_word' id='word_1_416' title='bbox 1105 3740 1209 3775; x_wconf 89' lang='lat' dir='ltr'><strong>non</strong></span> <span class='ocrx_word' id='word_1_417' title='bbox 1244 3729 1469 3788; x_wconf 83' lang='lat' dir='ltr'><strong>statio,</strong></span> <span class='ocrx_word' id='word_1_418' title='bbox 1504 3744 1603 3777; x_wconf 89' lang='lat' dir='ltr'><strong>non</strong></span> <span class='ocrx_word' id='word_1_419' title='bbox 1643 3731 1809 3792; x_wconf 77' lang='lat' dir='ltr'><strong>sedes,</strong></span> <span class='ocrx_word' id='word_1_420' title='bbox 1849 3745 1952 3778; x_wconf 87' lang='lat' dir='ltr'><strong>nou</strong></span> <span class='ocrx_word' id='word_1_421' title='bbox 1979 3730 2171 3792; x_wconf 80' lang='lat' dir='ltr'><strong>quies.“</strong></span> <span class='ocrx_word' id='word_1_422' title='bbox 2211 3729 2348 3777; x_wconf 80' lang='lat' dir='ltr'><strong>Add.</strong></span> <span class='ocrx_word' id='word_1_423' title='bbox 2375 3728 2572 3782; x_wconf 82' lang='lat' dir='ltr'><strong>Auson.</strong></span> 
     </span>
     <span class='ocr_line' id='line_1_40' title="bbox 440 3811 2158 3876; baseline 0.002 -16"><span class='ocrx_word' id='word_1_424' title='bbox 440 3814 637 3860; x_wconf 83' lang='lat' dir='ltr'><strong>Parent.</strong></span> <span class='ocrx_word' id='word_1_425' title='bbox 671 3811 767 3860; x_wconf 87' lang='lat' dir='ltr'><strong>lx.</strong></span> <span class='ocrx_word' id='word_1_426' title='bbox 810 3815 901 3863; x_wconf 88' lang='grc'><strong>153</strong></span> <span class='ocrx_word' id='word_1_427' title='bbox 938 3813 1184 3862; x_wconf 79' lang='lat' dir='ltr'><strong>Vulnus</strong></span> <span class='ocrx_word' id='word_1_428' title='bbox 1221 3813 1335 3873; x_wconf 81' lang='lat' dir='ltr'><strong>alit,</strong></span> <span class='ocrx_word' id='word_1_429' title='bbox 1373 3816 1505 3876; x_wconf 85' lang='lat' dir='ltr'><strong>quod</strong></span> <span class='ocrx_word' id='word_1_430' title='bbox 1545 3824 1714 3863; x_wconf 76' lang='lat' dir='ltr'><strong>mutu</strong></span> <span class='ocrx_word' id='word_1_431' title='bbox 1749 3816 1964 3863; x_wconf 79' lang='lat' dir='ltr'><strong>domus</strong></span> <span class='ocrx_word' id='word_1_432' title='bbox 2000 3812 2158 3863; x_wconf 83' lang='lat' dir='ltr'><strong>silet-.“</strong></span> 
     </span>
     <span class='ocr_line' id='line_1_41' title="bbox 576 3898 2579 3964; baseline 0 -17"><span class='ocrx_word' id='word_1_433' title='bbox 576 3898 753 3961; x_wconf 83' lang='lat' dir='ltr'><strong>Neque</strong></span> <span class='ocrx_word' id='word_1_434' title='bbox 791 3898 941 3947; x_wconf 82' lang='lat' dir='ltr'><strong>aliam</strong></span> <span class='ocrx_word' id='word_1_435' title='bbox 978 3900 1229 3948; x_wconf 84' lang='lat' dir='ltr'><strong>medelam</strong></span> <span class='ocrx_word' id='word_1_436' title='bbox 1266 3898 1483 3949; x_wconf 75' lang='lat' dir='ltr'><strong>fortusse</strong></span> <span class='ocrx_word' id='word_1_437' title='bbox 1522 3900 1705 3962; x_wconf 80' lang='lat' dir='ltr'><strong>uliquis</strong></span> <span class='ocrx_word' id='word_1_438' title='bbox 1742 3900 1829 3961; x_wconf 72' lang='lat' dir='ltr'><strong>iia,</strong></span> <span class='ocrx_word' id='word_1_439' title='bbox 1867 3915 2001 3964; x_wconf 78' lang='lat' dir='ltr'><strong>quae</strong></span> <span class='ocrx_word' id='word_1_440' title='bbox 2034 3899 2097 3952; x_wconf 87' lang='lat' dir='ltr'><strong>V.</strong></span> <span class='ocrx_word' id='word_1_441' title='bbox 2137 3902 2184 3957; x_wconf 87' lang='grc'><strong>2,</strong></span> <span class='ocrx_word' id='word_1_442' title='bbox 2225 3901 2324 3948; x_wconf 87' lang='grc'><strong>120</strong></span> <span class='ocrx_word' id='word_1_443' title='bbox 2358 3900 2429 3948; x_wconf 78' lang='lat' dir='ltr'><strong>sic</strong></span> <span class='ocrx_word' id='word_1_444' title='bbox 2463 3914 2579 3964; x_wconf 87' lang='lat' dir='ltr'><strong>pro-</strong></span> 
     </span>
     <span class='ocr_line' id='line_1_42' title="bbox 440 3974 2756 4035; baseline 0.002 -4"><span class='ocrx_word' id='word_1_445' title='bbox 440 3984 555 4033; x_wconf 72' lang='lat' dir='ltr'><strong>dita</strong></span> <span class='ocrx_word' id='word_1_446' title='bbox 590 3993 737 4035; x_wconf 75' lang='lat' dir='ltr'><strong>sunt:</strong></span> <span class='ocrx_word' id='word_1_447' title='bbox 2571 3974 2756 3993; x_wconf 41' lang='lat'><strong>’&#39;¹⁸“</strong></span> 
     </span>
     <span class='ocr_line' id='line_1_43' title="bbox 576 4056 1994 4133; baseline 0.001 -16"><span class='ocrx_word' id='word_1_448' title='bbox 576 4056 589 4066; x_wconf 61' lang='lat'>⁸</span> <span class='ocrx_word' id='word_1_449' title='bbox 1018 4070 1318 4119; x_wconf 81' lang='lat' dir='ltr'><strong>novercales</strong></span> <span class='ocrx_word' id='word_1_450' title='bbox 1355 4069 1461 4119; x_wconf 82' lang='lat' dir='ltr'><strong>ibat</strong></span> <span class='ocrx_word' id='word_1_451' title='bbox 1496 4076 1714 4119; x_wconf 78' lang='lat' dir='ltr'><strong>venator</strong></span> <span class='ocrx_word' id='word_1_452' title='bbox 1751 4070 1802 4117; x_wconf 87' lang='lat' dir='ltr'><strong>in</strong></span> <span class='ocrx_word' id='word_1_453' title='bbox 1839 4084 1994 4133; x_wconf 76' lang='lat' dir='ltr'><strong>agros</strong></span> 
     </span>
     <span class='ocr_line' id='line_1_44' title="bbox 844 4153 2175 4219; baseline 0.001 -17"><span class='ocrx_word' id='word_1_454' title='bbox 844 4153 1102 4205; x_wconf 75' lang='lat' dir='ltr'><strong>Asca-nius</strong></span> <span class='ocrx_word' id='word_1_455' title='bbox 1141 4156 1474 4218; x_wconf 82' lang='lat' dir='ltr'><strong>miseramque</strong></span> <span class='ocrx_word' id='word_1_456' title='bbox 1510 4156 1641 4219; x_wconf 80' lang='lat' dir='ltr'><strong>putri</strong></span> <span class='ocrx_word' id='word_1_457' title='bbox 1677 4154 1926 4217; x_wconf 79' lang='lat' dir='ltr'><strong>flagrabat</strong></span> <span class='ocrx_word' id='word_1_458' title='bbox 1964 4153 2175 4213; x_wconf 71' lang='lat' dir='ltr'><strong>misam,</strong></span> 
     </span>
     <span class='ocr_line' id='line_1_45' title="bbox 440 4237 2582 4304; baseline -0 -16"><span class='ocrx_word' id='word_1_459' title='bbox 440 4238 663 4303; x_wconf 76' lang='lat' dir='ltr'><strong>(Elisuu</strong></span> <span class='ocrx_word' id='word_1_460' title='bbox 702 4240 886 4293; x_wconf 87' lang='lat' dir='ltr'><strong>Venet.</strong></span> <span class='ocrx_word' id='word_1_461' title='bbox 926 4240 1067 4291; x_wconf 87' lang='lat' dir='ltr'><strong>Cort.</strong></span> <span class='ocrx_word' id='word_1_462' title='bbox 1093 4240 1285 4289; x_wconf 77' lang='lat' dir='ltr'><strong>Lucan.</strong></span> <span class='ocrx_word' id='word_1_463' title='bbox 1312 4239 1355 4289; x_wconf 90' lang='grc' dir='ltr'><strong>Ι.</strong></span> <span class='ocrx_word' id='word_1_464' title='bbox 1377 4240 1475 4289; x_wconf 87' lang='grc'><strong>577</strong></span> <span class='ocrx_word' id='word_1_465' title='bbox 1496 4256 1544 4304; x_wconf 89' lang='lat' dir='ltr'><strong>p.</strong></span> <span class='ocrx_word' id='word_1_466' title='bbox 1568 4238 1694 4301; x_wconf 90' lang='lat'>151)</span> <span class='ocrx_word' id='word_1_467' title='bbox 1729 4239 1868 4287; x_wconf 66' lang='lat' dir='ltr'><strong>«licet</strong></span> <span class='ocrx_word' id='word_1_468' title='bbox 1903 4237 2268 4289; x_wconf 79' lang='lat' dir='ltr'><strong>adhibendum:</strong></span> <span class='ocrx_word' id='word_1_469' title='bbox 2303 4240 2422 4288; x_wconf 83' lang='lat' dir='ltr'><strong>lieet</strong></span> <span class='ocrx_word' id='word_1_470' title='bbox 2447 4240 2582 4287; x_wconf 88' lang='lat' dir='ltr'><strong>enim</strong></span> 
     </span>
     <span class='ocr_line' id='line_1_46' title="bbox 440 4323 2583 4389; baseline -0.001 -16"><span class='ocrx_word' id='word_1_471' title='bbox 440 4326 557 4377; x_wconf 81' lang='lat' dir='ltr'><strong>illa:</strong></span> <span class='ocrx_word' id='word_1_472' title='bbox 590 4326 748 4389; x_wconf 80' lang='lat' dir='ltr'><strong>putri</strong></span> <span class='ocrx_word' id='word_1_473' title='bbox 785 4323 1097 4389; x_wconf 78' lang='lat' dir='ltr'><strong>flagrabet“</strong></span> <span class='ocrx_word' id='word_1_474' title='bbox 1140 4326 1213 4375; x_wconf 79' lang='lat' dir='ltr'><strong>sic</strong></span> <span class='ocrx_word' id='word_1_475' title='bbox 1238 4326 1493 4388; x_wconf 77' lang='lat' dir='ltr'><strong>digereret</strong></span> <span class='ocrx_word' id='word_1_476' title='bbox 1530 4325 1868 4385; x_wconf 82' lang='lat' dir='ltr'><strong>miseramque</strong></span> <span class='ocrx_word' id='word_1_477' title='bbox 1904 4324 2090 4386; x_wconf 76' lang='lat' dir='ltr'><strong>patris</strong></span> <span class='ocrx_word' id='word_1_478' title='bbox 2126 4323 2464 4383; x_wconf 78' lang='lat' dir='ltr'><strong>lacerabat‚“</strong></span> <span class='ocrx_word' id='word_1_479' title='bbox 2524 4330 2583 4371; x_wconf 88' lang='lat' dir='ltr'><strong>ut</strong></span> 
     </span>
     <span class='ocr_line' id='line_1_47' title="bbox 442 4408 2582 4466; baseline -0.002 -6"><span class='ocrx_word' id='word_1_480' title='bbox 442 4412 697 4461; x_wconf 72' lang='lat' dir='ltr'><strong>Ascanius</strong></span> <span class='ocrx_word' id='word_1_481' title='bbox 726 4411 926 4459; x_wconf 77' lang='lat' dir='ltr'><strong>dicatur</strong></span> <span class='ocrx_word' id='word_1_482' title='bbox 950 4411 1143 4459; x_wconf 75' lang='lat' dir='ltr'><strong>Elieam</strong></span> <span class='ocrx_word' id='word_1_483' title='bbox 1180 4410 1433 4458; x_wconf 79' lang='lat' dir='ltr'><strong>desiderio</strong></span> <span class='ocrx_word' id='word_1_484' title='bbox 1472 4425 1533 4459; x_wconf 79' lang='lat' dir='ltr'><strong>ac</strong></span> <span class='ocrx_word' id='word_1_485' title='bbox 1558 4410 1734 4458; x_wconf 86' lang='lat' dir='ltr'><strong>dolore</strong></span> <span class='ocrx_word' id='word_1_486' title='bbox 1773 4408 2124 4466; x_wconf 72' lang='lat' dir='ltr'><strong>lacerasse,</strong></span> <span class='ocrx_word' id='word_1_487' title='bbox 2160 4417 2218 4456; x_wconf 92' lang='lat' dir='ltr'><strong>ut</strong></span> <span class='ocrx_word' id='word_1_488' title='bbox 2256 4408 2372 4458; x_wconf 75' lang='lat' dir='ltr'><strong>Vel.</strong></span> <span class='ocrx_word' id='word_1_489' title='bbox 2411 4408 2582 4456; x_wconf 79' lang='lat' dir='ltr'><strong>Flaec.</strong></span> 
     </span>
     <span class='ocr_line' id='line_1_48' title="bbox 2114 4494 2177 4539; baseline 0 0"><span class='ocrx_word' id='word_1_490' title='bbox 2114 4494 2177 4539; x_wconf 83' lang='lat'><strong>14</strong></span> 
     </span>
    </p>
   </div>
  </div>
 </body>
</html>
