3234 4967
1403 344 1626 398 Adnot.
1664 346 1756 397 24.
2284 361 2297 374 ·
2563 346 2644 411 37

504 550 868 616 istiusmodi
914 552 1241 642 impensas
1283 576 1417 618 non
1466 576 1757 622 amamus
1808 562 1873 617 et
1920 562 2097 619 certe
2136 556 2347 643 major
2376 555 2648 641 antiqui-

498 658 617 721 tati
701 657 977 722 debetur
1055 660 1445 723 reverentia.
1568 658 1638 725 Si
1716 660 2090 745 conjectura
2165 682 2269 725 res
2347 660 2649 749 expediri

497 771 733 849 potest,
785 765 1042 853 scripsit
1089 766 1367 831 Statius:
1429 766 1879 855 Hoc-quoque
1930 764 2109 831 dum
2168 768 2423 850 nitor3
2495 790 2645 831 nam

497 878 826 955 postrema
883 869 1136 957 syllaba
1206 873 1274 935 in
1333 865 1711 959 sequentem
1774 894 2000 937 vocem
2060 872 2371 937 subsedit.
2477 873 2647 938 Niti

497 998 818 1040 carmen
875 976 1132 1060 dicitur,
1191 980 1302 1065 qui
1359 1000 1598 1065 magno
1658 978 1883 1044 labore
1945 976 2125 1045 velut
2172 1002 2208 1043 e
2258 1000 2496 1066 quercu
2543 1000 2650 1043 ex-

499 1081 754 1168 sculpit.
831 1082 1050 1170 Atque
1099 1084 1226 1149 hoc
1281 1086 1334 1149 si
1381 1108 1510 1165 non
1557 1084 1798 1173 placet,
1844 1084 2017 1149 malo
2062 1084 2225 1150 haec
2272 1095 2339 1150 et
2370 1086 2453 1150 27
2504 1108 2645 1149 ver-

498 1212 604 1252 sus
651 1188 857 1253 verba
905 1212 1052 1254 cum
1097 1189 1348 1256 lacunis
1393 1214 1658 1277 ponere,
1715 1200 1788 1255 ut
1832 1192 1901 1255 in
1948 1192 2106 1257 Mss.
2155 1191 2491 1258 codicibus
2538 1190 2647 1257 ha-

496 1294 836 1381 bebantur,
899 1318 1092 1383 quam
1149 1298 1288 1383 pati
1346 1307 1418 1360 ut
1462 1298 1791 1361 Domitius
1850 1320 1969 1383 pro
2024 1297 2303 1385 Papinio
2364 1294 2644 1383 legatur.

500 1400 692 1481 Quod
754 1410 820 1463 et
880 1402 1005 1487 ipsi
1061 1401 1297 1465 facturi
1354 1425 1592 1485 sumus,
1657 1424 1799 1466 cum
1856 1402 2095 1469 edituri
2140 1402 2311 1467 hunc
2356 1412 2643 1491 poetam,

498 1515 563 1567 et
620 1506 728 1593 qui
784 1528 902 1570 nos
965 1506 1378 1595 occupabunt
1435 1517 1547 1571 aut
1609 1510 1892 1575 secuturi
1953 1518 2123 1592 sunt,
2183 1510 2295 1593 eis,
2352 1508 2527 1573 idem
2574 1520 2646 1573 ut

498 1612 758 1693 faciant,
808 1612 1142 1677 consilium
1192 1612 1486 1677 damus.“
1577 1614 1639 1679 N
1644 1637 1718 1678 ec
1766 1615 2087 1680 Gronovii
2132 1616 2469 1681 inventum
2514 1637 2646 1680 non

496 1716 848 1781 laudarunt
893 1716 1321 1783 Marklandus
1369 1730 1436 1783 ct
1485 1720 1839 1803 Queckius.
1909 1720 2003 1787 At
2049 1722 2132 1787 ab
2162 1720 2436 1786 Heinsio
2483 1720 2646 1787 haec

495 1824 754 1888 invenio
803 1835 1192 1912 exprompta
1235 1824 1409 1889 Adv.
1458 1827 1510 1891 I.
1561 1828 1602 1891 2
1650 1850 1713 1915 p.
1768 1828 1881 1892 16:
1928 1827 2135 1891 Huic
2181 1848 2441 1914 quoque
2490 1826 2643 1893 dum

492 1950 608 2006 me
658 1928 784 2011 do,
833 1929 1108 1995 terdena
1161 1930 1306 1995 luce
1366 1942 1639 2019 peracta
1686 1932 2003 1999 Acclinis'
2032 1934 2299 2016 tumulo,
2361 1932 2647 1999 luctus-

470 2057 647 2121 que
720 2036 786 2099 in
849 2038 1140 2101 carmina
1201 2047 1410 2103 verto.
1503 2037 1611 2103 Sic
1680 2039 1933 2125 refingo
2003 2039 2219 2106 locum
2289 2038 2640 2105 difficilem.

496 2140 748 2227 vulgati
795 2142 968 2205 Hoc
1016 2165 1272 2231 quoque
1322 2144 1499 2208 dum
1553 2144 1937 2210 meditor.
2029 2145 2495 2233 Luctusque
2558 2168 2644 2211 ex

495 2248 782 2335 antiquis,
822 2246 1004 2311 libris
1053 2248 1507 2337 depromptum
1558 2259 1677 2314 est.
1698 2255 1740 2289 “
1828 2250 2059 2336 Longe
2116 2249 2244 2316 alia
2300 2250 2487 2319 nobis
2546 2261 2644 2316 est

497 2376 700 2418 mens.
791 2353 1277 2420 Hemsterhusii
1309 2355 1482 2420 enim
1515 2355 1887 2443 exemplum
1922 2358 2190 2423 'omnino
2238 2357 2643 2445 sequendum

491 2462 617 2525 rati
675 2462 942 2548 ejusque
1001 2461 1301 2543 instituti,
1363 2461 1539 2549 quod
1587 2485 1733 2527 cum
1782 2462 1943 2528 alias
1989 2472 2127 2528 tum
2174 2464 2242 2528 in
2288 2471 2515 2528 nostra
2561 2463 2642 2527 de

492 2566 770 2634 Aemilio
819 2569 1045 2634 Macro
1095 2570 1474 2656 quaestione
1521 2572 1865 2652 tenuimus,
1926 2592 2248 2635 memores
2307 2591 2499 2657 quam
2554 2568 2645 2633 di-

495 2674 924 2760 ligentissima
955 2676 1253 2740 rimanda
1284 2694 1470 2759 esso‚'
1497 2700 1664 2764 quae
1713 2677 1955 2741 veteris
2004 2678 2365 2765 scripturae
2415 2684 2645 2740 extant

495 2781 774 2865 vestigia
805 2783 872 2844 in
905 2780 1237 2845 codicibus
1269 2781 1542 2846 Domitii
1574 2792 1641 2846 et
1674 2782 2069 2847 editionibus
2094 2783 2263 2847 Ven.
2296 2791 2363 2847 et
2393 2783 2638 2847 Parm.:

493 2908 660 2949 cum
712 2936 726 2948 .
779 2934 794 2949 .
847 2936 861 2950 .
910 2889 989 2949 in
1037 2886 1416 2969 terdena,
1467 2896 1539 2951 ut
1587 2887 1745 2952 dicit
1775 2887 2227 2971 Marklandus,
2258 2897 2332 2951 ut
2364 2886 2645 2970 Quecki-

491 3015 567 3056 us
613 3016 676 3078 p.
712 2991 991 3057 XXVII:
1041 3015 1208 3057 cum
1257 2995 1336 3057 in
1386 3042 1400 3057 .
1453 3043 1468 3056 .
1521 3043 1535 3056 .
1588 3042 1602 3057 .
1654 3002 1804 3077 ter,
1854 2994 1923 3058 in
1952 2990 2415 3079 Rehdigerano
2444 2993 2640 3058 libro:

491 3121 660 3163 cum
715 3148 730 3161 .
783 3148 796 3161 .
850 3148 865 3161 .
916 3108 1040 3163 ter
1061 3099 1298 3183 dana,
1357 3098 1907 3187 contemplatione
1966 3090 2283 3181 ducimUS,
2348 3120 2475 3187 quo
2534 3098 2643 3163 ali-

495 3204 650 3289 quid
719 3205 1094 3269 inveniatur
1162 3206 1364 3291 ipsius
1420 3204 1611 3271 Statii
1682 3206 1847 3269 mori
1918 3212 2112 3292 atque
2184 3206 2309 3270 arti
2382 3206 2640 3271 omnino

495 3332 886 3395 congruens.-
973 3312 1340 3397 Emer-gunt
1387 3321 1604 3375 autem
1654 3322 1720 3375 et
1766 3312 1953 3399 quasi
1997 3309 2218 3375 lucent
2266 3309 2415 3381 duo,
2508 3310 2643 3375 Pri·

495 3438 667 3481 mum
713 3419 885 3483 enim
933 3416 1372 3483 similitudine·
1403 3418 1582 3482 vocis
1630 3427 1752 3481 ter
1798 3419 2039 3482 factum
2091 3438 2254 3500 esse,
2316 3426 2391 3482 ut
2447 3418 2640 3481 inter-

495 3522 742 3587 cideret
789 3522 1044 3610 syllaba
1089 3533 1246 3607 tor,
1297 3546 1488 3588 nemo
1537 3523 1727 3589 facile
1777 3525 1904 3588 erit
1950 3524 2063 3611 qui
2108 3532 2308 3609 neget
2352 3546 2642 3611 praeser-

493 3629 609 3692 tim
655 3630 798 3717 ipso
845 3630 1117 3695 Domitii
1179 3652 1257 3695 ac
1304 3631 1624 3697 Gronovii
1683 3652 2004 3695 consensu
2066 3630 2455 3695 admonitus
2533 3629 2642 3696 Al-

492 3744 703 3799 terum
762 3735 887 3800 hoc
947 3736 1298 3819 afferimus,
1362 3758 1558 3825 quum
1622 3736 1873 3801 lit-teras
1930 3737 2045 3818 in,
2100 3759 2186 3819 m,
2234 3758 2298 3817 n,
2345 3758 2391 3799 u
2436 3745 2501 3801 et
2546 3734 2639 3817 Ii,

489 3839 570 3905 Iu
626 3844 930 3929 pertenui
990 3842 1358 3907 discrimine
1422 3844 1678 3929 sejungi
1737 3840 2031 3929 plurimis
2093 3851 2497 3929 compertum
2560 3843 2642 3907 sit

488 3948 876 4013 testimoniis
937 3946 1038 4037 (ut
1075 3948 1418 4013 .Martialis
1480 3947 1614 4014 XII.
1664 3948 1769 4030 53,
1821 3949 1859 4011 6
1921 3948 2097 4013 ludi
2142 3947 2335 4013 Voss
2384 3948 2637 4013 Thuan.

492 4052 670 4118 nidi
714 4052 972 4140 Anglic.
1021 4053 1197 4121 XIV.
1252 4054 1406 4137 167,
1468 4057 1499 4118 1
1553 4053 1791 4149 pollgc
1812 4076 1868 4117 e.
1928 4052 2127 4119 Wolf.
2176 4052 2461 4141 poluee.
2519 4054 2641 4119 La-

490 4168 688 4224 ctant.
723 4160 928 4225 Theb.
975 4159 1038 4225 ll.
1087 4160 1219 4224 404
1267 4182 1448 4225 avus.
1497 4161 1753 4225 Monac.
1804 4160 1885 4224 A.
1934 4159 2155 4225 aliuS.
2204 4160 2392 4225 Statii
2443 4159 2637 4247 hujus

490 4265 760 4352 eclogae
793 4291 855 4331 v.
889 4268 975 4331 49
1001 4266 1368 4332 vulnerat:
1401 4265 1723 4355 v(er)um
1756 4277 1919 4331 erat.
1947 4266 2033 4333 25
2063 4265 2340 4331 luctus:
2373 4286 2639 4330 nume-

490 4394 619 4438 ros.
669 4372 774 4437 68.
827 4373 1110 4439 simius:
1161 4372 1424 4437 similis
1473 4383 1539 4436 et
1584 4371 1667 4437 V.
1717 4374 1777 4455 3,
1833 4373 1957 4437 109
2006 4374 2257 4439 inota:
2316 4369 2633 4435 lustrat-a..
