3234 4967
1319 361 1702 415 Adnot.53.
2512 359 2599 424 85

447 569 870 654 Femineum,
943 588 1065 635 ceu
1123 567 1359 634 Bruti
1426 566 1747 650 funere,
1819 563 2120 654 vulgusf‘
2224 566 2594 636 Nemesian-

449 673 610 764 Oyr.
643 675 764 743 38:
809 672 1086 760 „flentes
1117 673 1484 762 germani
1515 672 1795 738 funere
1829 669 2095 738 silvas.“
2164 669 2362 739 Ovid.
2396 673 2589 742 Trist.

439 781 522 848 V.
577 781 680 867 12,
731 781 800 848 ‘It
846 789 1356 866 „nostrorum
1401 778 1693 844 funere
1738 775 1974 844 ludit.“
2071 776 2262 865 Elcg.
2312 777 2401 845 ad
2445 779 2592 848 Liv.

443 887 605 956 286:
666 887 939 972 „fnnere
1003 907 1237 954 causa
1296 885 1502 952 latet“
1562 893 1634 951 et
1692 905 1860 974 quae
1917 882 2131 950 attulit
2174 883 2593 954 Burmannus

437 993 684 1072 Lucan,
708 991 750 1058 l.
777 993 842 1060 d.
865 1016 927 1082 p.
956 992 1104 1058 458.
1173 992 1580 1082 Quamquam
1620 989 1869 1075 dubito,
1896 1012 1980 1056 an
2002 990 2391 1078 praeferam,
2416 993 2594 1081 quod

441 1099 617 1189 apud
639 1097 921 1166 eundem
944 1099 1226 1167 Statium
1259 1096 1536 1185 legimus
1571 1095 1733 1164 silv.
1761 1095 1844 1162 V.
1870 1097 1933 1180 3,
1959 1094 2073 1161 85:
2119 1096 2331 1182 „Quis
2354 1120 2485 1164 non
2512 1100 2592 1166 in

448 1207 735 1273 funere
782 1210 1049 1273 cunctos
1105 1203 1452 1271 Heliadum
1496 1225 1716 1270 ramos
1768 1201 2240 1292 lacrimosaque
2296 1206 2589 1291 germina

446 1312 661 1380 dixit
676 1311 757 1378 Ψ(
777 1320 974 1401 atque
1001 1308 1179 1401 apud
1201 1309 1431 1378 Silium
1443 1309 1515 1375 ΙΙ.
1536 1309 1690 1375 138:
1715 1317 1946 1397 „pater
1968 1308 2047 1374 in
2071 1329 2162 1395 ge
2178 1310 2593 1384 minonato·

446 1442 591 1487 rum
614 1419 901 1485 funere
925 1419 1195 1508 Mopsus
1233 1417 1589 1505 Correptos
1628 1436 1819 1482 arcus
1856 1423 1960 1480 ter
1989 1423 2242 1483 moesta
2274 1418 2483 1484 movit
2507 1417 2591 1484 ab

441 1527 586 1593 ira“
618 1534 685 1592 et
705 1525 824 1592 VI.
849 1523 1010 1590 497:
1036 1522 1294 1608 „subito
1320 1543 1435 1588 seu
1459 1531 1635 1588 stans
1671 1522 1751 1586 in
1775 1521 2109 1587 funere“
2138 1521 2217 1587 cf.
2245 1521 2589 1590 Claudian.

393 1622 405 1632 ⁸
444 1631 595 1700 Ruf.
626 1631 717 1698 11.
751 1631 868 1696 90:
920 1630 1110 1719 „quis
1140 1651 1272 1695 non
1302 1629 1560 1694 funesto
1593 1626 1927 1694 turbine
1958 1648 2180 1693 rerum
2224 1625 2363 1694 Aut
2392 1631 2591 1695 tantis

450 1736 660 1805 solvet
703 1734 1004 1820 lacrimis,
1039 1758 1200 1824 quos
1231 1734 1566 1802 Barbarus
1612 1731 1811 1819 illinc,
1842 1732 2018 1800 Hinc
2046 1732 2317 1802 Rufinus
2363 1737 2498 1823 agit
2512 1735 2591 1801 ’.Μ

451 1841 666 1912 Oxon.
712 1841 900 1910 Leid.
946 1841 1114 1909 Exe.
1163 1839 1368 1908 Wolf.
1414 1842 1492 1906 in
1536 1839 1876 1926 turbine.

620 1950 762 2018 Nec
791 1949 969 2040 quod
1009 1947 1222 2016 Rehd.
1278 1933 1503 2014 habet
1513 1949 1696 2037 just
1712 1967 1750 2011 o
1762 1995 1780 2029 ,
1856 1967 2055 2036 quum
2108 1946 2325 2036 prima
2376 1952 2591 2038 specie

441 2057 823 2124 memoriam
900 2054 1224 2123 attulisset
1300 2075 1527 2121 eorum
1595 2051 1918 2138 locorum,
1999 2076 2160 2142 quos
2229 2057 2593 2145 composuit

447 2161 964 2251 Oudendorpius
1010 2161 1275 2230 Sueton.
1326 2159 1498 2246 Aug.
1553 2159 1635 2224 19
1682 2182 1742 2247 Ρ.
1799 2159 1957 2244 184,
2014 2160 2082 2224 in
2118 2161 2402 2251 justum
2448 2185 2593 2230 eon-

445 2278 706 2337 vertere
751 2267 948 2335 ullius
993 2268 1117 2334 fuit
1160 2267 1438 2354 negotii:
1491 2288 1639 2331 nam
1686 2287 1835 2331 cum
1879 2263 2086 2332 multa
2130 2280 2594 2336 succurrerunt

441 2374 780 2464 exempla,
839 2395 1002 2464 quae
1050 2374 1467 2441 Burmannus
1522 2370 1722 2438 Anth.
1791 2370 1931 2438 Lat.
2004 2371 2053 2440 Ι.
2104 2372 2211 2458 80,
2260 2375 2346 2442 22
2390 2400 2453 2465 Ρ.
2502 2375 2592 2442 62

425 2471 528 2548 cf.
578 2481 776 2570 Prop.
822 2479 912 2547 Π.
961 2478 1067 2563 25,
1109 2479 1192 2545 61
1225 2501 1287 2568 p.
1323 2477 1454 2545 476
1501 2479 1568 2543 in
1613 2474 1901 2544 medium
1949 2477 2188 2564 attulit,
2234 2501 2355 2546 nos
2400 2479 2590 2569 Valg.

440 2611 505 2678 p.
553 2587 681 2654 507
732 2610 827 2676 sq.
876 2581 1068 2652 Anal.
1099 2583 1296 2673 Prop.
1329 2608 1394 2674 Ρ.
1426 2583 1531 2650 99.
1629 2583 1899 2666 Quaest.
1948 2583 2031 2652 de
2076 2586 2323 2654 Lucan.
2372 2586 2590 2654 Oarm.

449 2692 666 2784 Reliq.
715 2716 779 2783 p.
828 2692 887 2758 8.
937 2689 1089 2758 add.
1135 2688 1463 2758 Emendd.
1555 2689 1753 2779 Prop.
1800 2685 1924 2758 IX.
1974 2693 2047 2777 3,
2110 2700 2246 2759 tum
2302 2692 2481 2783 quod
2525 2697 2592 2760 in

441 2800 566 2867 hoc
595 2800 740 2888 ipso
774 2818 970 2865 versu
996 2819 1118 2887 pro
1168 2796 1366 2863 duro
1411 2797 1481 2862 in
1509 2797 1848 2864 Parmensi
1878 2797 2247 2866 invenimus
2294 2798 2588 2868 durum.

445 2905 718 2972 Visum
766 2912 984 2972 autem
1026 2901 1231 2993 (quod
1279 2901 1563 2970 dubitari
1606 2911 1826 2991 potest
1872 2925 1957 2971 an
2002 2903 2271 2972 fluxerit
2316 2928 2404 2972 ex
2432 2905 2587 2974 silv.

438 3013 519 3078 V.
573 3015 631 3097 1,
681 3011 843 3078 204:
905 3017 1401 3098 „conspecto
1449 3011 1831 3099 conjugis
1875 3011 2147 3101 igne“)
2196 3020 2264 3078 et
2297 3014 2588 3104 justum

450 3117 760 3186 Heinsius
810 3115 1155 3185 claudian.
1201 3114 1347 3181 Ruf.
1396 3115 1485 3182 ΙΙ.
1535 3115 1665 3181 363
1714 3139 1777 3205 Ρ.
1824 3115 1913 3182 95
1957 3125 2331 3206 permutata
2384 3119 2588 3203 novit,

439 3225 699 3294 visum
747 3231 815 3289 et
849 3224 1194 3314 jussum,
1231 3222 1529 3311 jussum
1580 3229 1649 3287 et
1686 3224 2000 3312 justum
2044 3222 2220 3290 idem
2254 3222 2429 3292 Adv.
2460 3226 2586 3292 III.

443 3331 484 3397 9
530 3353 596 3420 Ρ.
627 3329 754 3396 461
799 3353 892 3418 sq.
927 3337 993 3394 et
1036 3326 1276 3418 plures,
1323 3326 1839 3417 utoBurmannus
1883 3327 2133 3396 Lucan.
2164 3329 2413 3398 Lucan.
2444 3332 2587 3399 vn.

440 3437 524 3505 37
573 3459 637 3526 Ρ.
685 3434 836 3502 458.
913 3432 1496 3500 Dra-kenborchius
1555 3432 1668 3500 Sil.
1730 3433 1913 3500 xlv.
1961 3435 2112 3502 372.
2159 3437 2289 3504 379
2336 3460 2398 3527 p.
2438 3437 2587 3504 659.

448 3542 599 3608 660.
693 3541 1108 3622 Burmannus
1149 3538 1349 3606 Anth.
1395 3538 1544 3607 Lat.
1590 3540 1673 3606 V.
1724 3541 1852 3607 113
1899 3564 1963 3630 Ρ.
2014 3539 2165 3608 385.
2244 3542 2587 3612 claudian.

437 3647 557 3715 IV.
607 3646 808 3714 Oons.
853 3645 1032 3712 Hon.
1077 3643 1237 3711 529:
1297 3654 1365 3712 et
1397 3648 1713 3736 jussum
1758 3648 2015 3740 mentiri
2064 3650 2321 3717 nescius
2364 3651 2586 3717 ictum.

439 3755 594 3822 Jun.
642 3753 1024 3821 invisum.
1115 3750 1318 3819 Wolf.
1367 3751 1475 3818 alii
1522 3775 1587 3842 Ρ.
1638 3753 1765 3819 787
1812 3751 2082 3821 visum.

612 3861 914 3952 Denique
963 3859 1326 3945 Gruterus,
1375 3862 1488 3950 qui
1532 3860 1659 3927 hoc
1702 3864 2076 3952 proposuit:
2132 3862 2258 3948 „ah
2305 3863 2581 3950 durus,

437 3969 582 4036 viso
629 3968 685 4035 si
731 3971 884 4053 ——“,
933 3966 1111 4058 quod
1156 3976 1223 4036 et
1277 3969 1515 4035 usitate
1576 3967 1822 4036 dictum
1880 3968 2136 4060 (Heins.
2188 3969 2387 4039 ovid.
2434 3970 2580 4038 Am.

439 4073 563 4141 111.
598 4075 660 4159 6,
699 4074 819 4140 101
857 4096 922 4163 Ρ.
955 4072 1115 4164 496)
1149 4081 1216 4140 et
1247 4073 1371 4140 hoc
1405 4073 1663 4141 ordinet
1710 4073 1837 4160 „ah
1884 4075 2136 4144 durus
2181 4075 2581 4169 Orpheus,

441 4181 503 4248 si
547 4219 636 4232 --
663 4180 964 4248 invenit“
1031 4181 1424 4251 Marklando
1457 4191 1679 4251 tamen
1709 4186 1921 4252 visum
1964 4195 2063 4254 est
2094 4188 2578 4280 „explicatione

446 4294 513 4352 et
559 4285 820 4377 Oedipo
864 4287 1162 4378 indigere
1179 4293 1245 4375 ,“
1290 4288 1659 4358 laudandus
1704 4291 1951 4360 idcirco
1986 4303 2115 4379 est,
2165 4295 2343 4386 quod
2384 4292 2584 4363 'corri-

446 4391 644 4480 gendi
690 4393 1051 4482 periculum
1099 4396 1192 4464 ita
1238 4395 1422 4482 fecit,
1493 4407 1568 4464 ut
1628 4406 1779 4465 ante
1834 4399 2196 4496 inspectum
2256 4425 2297 4470 a
2376 4402 2584 4471 doctis
