3234 4967
1363 368 1589 423 Adnot.
1630 368 1711 420 46.
2534 367 2611 432 73

482 575 560 640 B.
611 573 763 640 Get.
811 573 942 639 467
991 573 1371 640 clamosa.
1403 573 1567 660 Reg.
1603 573 1821 640 Oxon.
1870 573 2259 640 damnosa
2304 597 2382 638 ac
2448 573 2613 640 Stat.

475 679 683 745 Theb.
730 679 845 745 IV.
891 680 1020 744 448
1067 678 1474 746 clamosae
1522 679 1799 758 valles.
1848 680 2005 747 Silv.
2056 681 2169 747 IV.
2212 681 2277 763 4,
2330 681 2409 745 18
2458 679 2615 746 cla-

467 809 740 852 mosae
787 786 988 853 urbi
1024 787 1108 854 cf.
1153 787 1406 856 Paulin.
1453 786 1688 853 Nolan.
1721 787 1867 854 XII.
1920 788 2044 852 179
2090 810 2156 875 p.
2188 787 2271 853 57
2340 787 2613 854 Murat.:

467 891 866 959 clamosae
892 896 1221 981 preces“
1255 894 1574 982 suspicari
1596 893 1758 958 haec
1782 893 1980 960 fuisse
2016 893 2168 960 olim
2198 895 2613 980 consignata:
2674 848 2689 985 J

465 999 660 1066 Nam
725 1000 1064 1066 nimium
1132 998 1493 1066 clamosa
1561 999 1858 1068 domus.
1949 999 2079 1066 Hic
2133 1021 2293 1065 vero
2335 1000 2619 1089 injectus
2674 1015 2679 1023 '

443 1114 569 1180 est
627 1105 787 1171 mihi
846 1103 1187 1194 scrupulus
1244 1115 1313 1171 et
1371 1106 1697 1195 quaedam
1752 1105 2077 1173 dubita-tio
2088 1155 2107 1190 ‚
2156 1127 2312 1172 num
2370 1104 2616 1173 Statius

469 1211 644 1278 idem
692 1211 816 1278 sibi
861 1213 1232 1301 permiserit
1277 1222 1473 1302 atque
1504 1213 1825 1300 Virgilius
1869 1223 1937 1279 et
1981 1213 2105 1281 hoc
2150 1213 2293 1280 loco
2324 1211 2493 1279 Aen.
2524 1211 2616 1280 II.

468 1316 632 1384 563:
679 1317 772 1384 Et
819 1317 1078 1406 direpta
1124 1319 1374 1386 domus
1423 1330 1491 1385 et
1533 1321 1725 1408 parvi
1768 1342 1957 1386 casus
2000 1319 2181 1386 Juli‘·
2232 1327 2303 1385 et
2334 1321 2419 1386 V.
2451 1320 2617 1387 337:

476 1423 738 1490 Emicat
803 1423 1160 1512 Euryalus
1241 1433 1310 1491 et
1383 1439 1653 1492 munere
1732 1427 1947 1492 victor
2014 1424 2205 1492 amici
2223 1429 2275 1480 ‘·-
2332 1435 2399 1490 et
2472 1424 2619 1492 aliis

474 1529 797 1617 Wagner.
847 1531 1148 1614 Quaestt.
1218 1531 1406 1618 Virg.
1454 1532 1600 1598 XII.
1647 1556 1712 1620 p.
1759 1532 1921 1598 423:
1968 1555 2123 1598 nam
2166 1533 2237 1598 in
2278 1530 2519 1598 Achill.·
2562 1532 2619 1597 I.

472 1636 624 1722 205,
671 1637 742 1703 id
789 1637 967 1725 quod
1015 1636 1380 1720 Queckium
1423 1638 1616 1725 fugit,
1663 1659 1819 1703 vere
1861 1638 2171 1704 Heinsius
2214 1637 2410 1704 Ovid.
2456 1637 2618 1702 Her.

473 1743 659 1810 XXI.
703 1744 791 1808 ·81
843 1766 908 1831 p.
956 1744 1089 1809 310
1132 1745 1453 1834 restituit:
1501 1753 1759 1833 spretae
1808 1744 2291 1834 Myconosque
2336 1742 2621 1810 humilis*

470 1873 596 1937 que
644 1849 1038 1939 Seriphos3“
1085 1873 1344 1917 versum
1392 1851 1601 1918 Theb.
1648 1852 1791 1917 VII.
1838 1852 1970 1918 214
2026 1861 2276 1919 autem:
2334 1851 2617 1934 Funere,

471 1955 584 2021 ubi
629 1955 892 2040 fletus,
953 1955 1065 2022 ubi
1121 1965 1278 2022 tunc
1323 1979 1432 2023 ars
1478 1965 1663 2023 tanta
1707 1958 2114 2047 precandi?“
2158 1960 2227 2024 in
2272 1957 2449 2025 nullo
2498 1957 2621 2023 dis·

475 2062 744 2127 crimine
794 2062 1168 2150 ponendum
1217 2085 1360 2130 esse
1409 2063 1747 2132 declarant
1790 2087 2021 2132 versus
2065 2065 2236 2132 VIII.
2273 2065 2421 2130 163.
2464 2064 2621 2132 Sen.

469 2167 737 2256 Thyest.
770 2168 932 2234 966:
981 2168 1232 2236 subitos
1275 2169 1554 2236 fundant
1599 2169 1797 2238 Oculi
1838 2171 1875 2237 f
1879 2170 2166 2238 letus.“
2242 2169 2446 2238 Simul
2478 2170 2621 2237 sub-

468 2275 630 2363 jecit
689 2275 941 2340 animus
1000 2274 1264 2362 Virgilii
1323 2275 1530 2355 verba
1597 2277 1924 2364 quamvis·
1962 2278 2037 2342 in
2100 2277 2230 2342 alia
2298 2278 2621 2344 sententia

469 2381 686 2469 posita
751 2379 920 2448 Aen.
968 2382 1080 2448 VI.
1129 2383 1246 2448 53:
1307 2404 1518 2470 neque
1579 2385 1752 2448 enim
1822 2391 1973 2448 ante
2033 2382 2370 2449 dehiscent
2436 2381 2622 2450 Atto-2

468 2488 646 2554 uitae
691 2509 934 2574 magna
979 2511 1125 2554 ora
1171 2488 1456 2555 domus
1501 2489 1582 2554 cf.
1632 2488 1785 2558 Son.
1832 2489 2031 2555 Herc.
2078 2489 2446 2555 Fur.·664:
2493 2489 2621 2553 Hic

471 2615 614 2658 ora
657 2591 856 2660 solvit
900 2593 1078 2660 Ditis
1121 2594 1314 2660 invisi
1364 2593 1717 2661 domus.“
1760 2594 1902 2662 Nec
1934 2597 2077 2684 jam
2120 2594 2623 2664 latuerunt.una

473 2721 645 2764 voce
728 2707 1022 2766 nostra
1099 2699 1606 2788 comprehensae
1679 2700 1847 2766 duae
1917 2701 2069 2766 hae:
2150 2722 2401 2767 nosco
2486 2723 2623 2766 ora

469 2804 554 2894 (n
571 2814 857 2872 ostora
900 2806 982 2871 cf.
1033 2805 1377 2873 Claudia-n.
1411 2805 1689 2895 Eutrop.
1738 2807 1785 2872 l.
1825 2807 1950 2872 174
1979 2830 2237 2874 nosse.
2286 2806 2473 2872 Leid.
2521 2830 2620 2895 pr.

470 2912 702 2978 nosti.
747 2911 977 2979 Ambr.
1025 2921 1194 2978 tert.·
1224 2933 1470 2978 nosce.
1517 2912 1699 2979 Stat:
1744 2912 1952 2980 Theb.
2016 2913 2131 2979 Vl.
2179 2912 2304 2978 851
2353 2911 2624 2979 brachia

467 3017 600 3084 late
646 3019 870 3085 Vara
912 3026 1157 3084 tenent.
1205 3017 1379 3084 Fris.
1413 3019 1673 3084 Monac.
1721 3018 1952 3084 Vasta
1994 3018 2065 3084 id
2120 3027 2223 3084 est
2266 3041 2491 3084 vasca
2536 3019 2619 3084 cf.

361 3185 367 3190 .
469 3124 678 3191 Drak.
727 3125 875 3190 Liv.
923 3124 1172 3191 XXIV.
1222 3125 1332 3208 48,
1383 3125 1419 3188 7
1469 3148 1534 3213 p.
1576 3125 1733 3190 824
1766 3123 1915 3214 sq.).
1966 3124 2147 3207 Quas
2191 3145 2389 3190 voces
2440 3133 2620 3190 recte

469 3231 982 3320 componiatque
1009 3230 1175 3296 adeo
1201 3231 1648 3317 coagmentari
1672 3229 1987 3318 exemplis
2012 3229 2283 3296 discitur
2294 3228 2619 3296 Thean.
2678 3275 2685 3281 -

472 3337 584 3404 75:
623 3337 792 3404 diro
829 3337 1149 3403 horrore.
1175 3335 1412 3402 Achill.
1435 3335 1492 3404 I.
1523 3335 1679 3402 185:
1718 3336 1927 3402 vario
1954 3334 2433 3402 oblectamine.
2456 3335 2585 3400 497
2601 3359 2616 3400 :

471 3465 642 3534 quan
660 3443 703 3508 d
722 3465 759 3508 o
787 3445 989 3510 ora.‘·
1003 3440 1243 3507 Lucilii
1267 3464 1372 3529 ap.
1387 3441 1654 3508 Lachm.
1670 3441 1932 3506 Lucret.
1947 3441 1993 3504 1.
2019 3440 2105 3507 35
2128 3466 2194 3530 p.
2221 3443 2338 3510 202
2366 3431 2619 3508 obtuso

479 3571 640 3615 ore.
664 3547 931 3636 Virgilii
951 3547 1122 3614 Aen.
1147 3546 1266 3637 (lll.
1299 3545 1626 3635 154)X11.
1651 3546 1779 3612 837
1807 3568 1959 3612 uno
2006 3567 2145 3612 ore
2180 3546 2451 3635 Siliique
2494 3547 2619 3612 IX.

475 3655 604 3722 343
629 3679 646 3720 ι
669 3657 762 3722 Ut
775 3655 1040 3724 Cannas
1064 3676 1163 3720 un
1181 3677 1218 3720 o
1245 3675 1331 3720 or
1347 3675 1384 3719 e
1407 3658 1678 3720 sonem“
1704 3651 2094 3742 (cf.Arator.
2119 3652 2173 3720 Ι.
2200 3651 2357 3721 2752
2384 3651 2623 3718 similes

391 3795 397 3804 ·
471 3763 779 3850 quique
827 3785 864 3828 ο
885 3784 970 3827 re
1016 3759 1411 3849 Prophetae.
1458 3759 1697 3830 Sched.
1742 3757 1951 3824 Pulm.
2002 3767 2068 3824 et
2096 3757 2419 3847 Antverp.
2467 3780 2620 3826 uno

471 3867 664 3958 ore).
755 3868 832 3934 11.
882 3868 1046 3934 208:
1103 3868 1386 3957 Jamque
1449 3867 1679 3934 aderat
1732 3874 1911 3933 toto
1977 3888 2013 3933 o
2032 3888 2114 3932 re
2172 3865 2389 3932 ferens
2434 3866 2620 3932 iram.

467 3974 580 4040 VI.
649 3974 812 4042 5362
896 3975 1190 4063 spectavi
1257 3973 1489 4063 placid
1513 3996 1552 4040 o
1636 3995 1672 4040 o
1689 3997 1725 4040 r
1741 3995 1777 4038 e
1856 3974 2197 4063 ferentem.
2266 3973 2385 4038 XI.
2459 3973 2583 4040 107
2605 3996 2620 4038 :

477 4104 738 4148 moneo
788 4083 1002 4148 ocius
1047 4081 1208 4150 urbe
1255 4082 1524 4148 facesse.
1617 4080 1867 4148 Auson.
1914 4081 2147 4170 Epigr.
2193 4078 2515 4146 XXXIV.
2548 4079 2620 4145 5:

469 4187 648 4254 nolo
719 4189 866 4254 otia
931 4187 1210 4275 perdere
1280 4187 1556 4254 Musae“
1619 4185 1730 4276 (cf.
1790 4187 1993 4252 LVII.
2060 4188 2135 4253 3:
2194 4185 2329 4252 ferr
2346 4208 2383 4250 o
2445 4207 2482 4250 o
2499 4206 2621 4273 pus

473 4315 662 4360 omne
722 4291 1056 4383 polimus).
1151 4293 1440 4360 Senecae
1513 4291 1763 4359 Phoen.
1820 4293 1987 4358 486:
2060 4293 2230 4358 ferat
2289 4329 2377 4340 -·
2435 4300 2619 4356 nato

473 4421 510 4466 o
527 4423 558 4466 s
578 4398 728 4466 cula
784 4400 865 4466 cf.
929 4400 1083 4466 Tro.
1133 4399 1298 4466 980:
1358 4399 1508 4466 Itha
1525 4421 1560 4464 c
1579 4421 1616 4464 o
1681 4398 2014 4484 obtigisti.
2081 4396 2251 4462 1146
2312 4396 2499 4462 fortis
2556 4405 2623 4460 et
