3234 4967
1236 409 1530 475 Oouject.
1570 412 1638 463 V.
2412 418 2512 469 175

368 580 599 632 trahat.
688 582 797 636 Cio.
834 582 992 646 Legg.
1030 582 1099 633 11.
1144 585 1223 643 15,
1261 584 1325 633 38
1372 582 1682 633 contrahit.
1757 580 1887 647 Gud.
1926 586 1973 637 2.
2027 581 2169 638 Cass.
2215 586 2513 651 conterit).

368 669 621 729 protrait
666 664 803 734 apud
854 666 1251 717 Grammaticum
1295 666 1395 717 Me.
1444 668 1616 721 Barth.
1653 666 1786 719 Λᾶν.
1823 668 2106 720 XXXVII.
2147 673 2226 723 13.
2263 688 2313 737 p.
2356 674 2511 726 1692:

372 750 673 813 „Protrait
706 754 1119 814 instantem,‘·
1160 768 1290 816 quae
1326 752 1482 802 verba
1503 753 1557 803 in
1580 754 1695 817 ipsa
1715 754 1947 805 Aeneide
1962 754 2067 806 lx.
2085 758 2186 807 441
2226 758 2299 808 sic
2322 758 2514 823 scripta

369 845 571 908 entant:
642 838 1082 899 „Proturbant
1148 834 1411 889 Instat.“
1476 838 1590 889 add.
1656 839 1798 893 Lact.
1846 837 2010 892 Theb.
2057 839 2154 896 IV.
2203 844 2300 893 811
2357 840 2512 899 (Con-

360 920 483 985 ject.
520 919 695 987 XIX).
768 922 918 975 O‘vid.
957 924 1100 973 Fast.
1138 922 1238 973 111.
1278 924 1379 974 380
1412 921 1612 975 Aruud.
1653 922 1823 975 Guelf.
1861 928 2098 975 attrait.

508 1008 579 1058 At
615 1008 737 1059 Silv.
778 1008 935 1080 1153,
972 1011 1063 1068 ZQ:

748 1094 889 1145 Idem
928 1095 1037 1143 auri
1073 1094 1237 1143 facilis
1275 1100 1593 1161 contemptor
1631 1104 1682 1145 et
1715 1097 1932 1157 optimus
1967 1092 2100 1147 idein

751 1178 965 1229 Comere
1004 1180 1203 1229 divitias
1243 1176 1529 1245 opibusque
1566 1179 1835 1231 immittere
1872 1181 2036 1231 lucem

366 1266 503 1313 idem
540 1266 747 1314 verbum
788 1278 924 1330 nego
962 1266 1024 1315 ab
1061 1264 1477 1317 Hemsterhusiot
1522 1264 1856 1325 „Promerc
1894 1266 2202 1317 divitias“
2238 1283 2357 1317 vere
2393 1268 2511 1319 illa-

369 1355 475 1401 tum
521 1364 655 1410 esse,
700 1351 932 1415 quamvis
976 1350 1023 1399 id
1076 1350 1168 1399 sibi
1218 1349 1534 1415 persuaserit
1579 1344 1968 1415 Peerlkampius
2003 1351 2128 1401 Hor.
2166 1352 2332 1407 Carm.
2370 1354 2442 1403 11.
2481 1356 2511 1403 2

365 1451 413 1500 p.
456 1437 552 1489 162
590 1443 642 1485 et
676 1435 821 1499 Virg.
859 1434 995 1499 Aen.
1036 1434 1113 1484 v1
1150 1451 1198 1499 p.
1225 1436 1325 1486 425
1363 1434 1534 1485 nescio
1579 1450 1646 1485 an
1684 1440 1971 1501 contempto
2007 1436 2318 1488 Ruhnkenio
2351 1438 2512 1489 Rutil.

366 1519 498 1585 Lup.
534 1522 601 1573 11.
640 1523 671 1570 2
708 1537 757 1586 p.
797 1522 878 1581 79,
918 1519 1170 1584 qui-tueri
1209 1521 1387 1569 maluit
1421 1521 1744 1580 „condere
1785 1519 2030 1570 divitias“
2077 1536 2191 1571 cum
2250 1524 2512 1588 permultis

366 1612 469 1656 tum
507 1604 775 1657 Dresemio
814 1604 1027 1670 Josepb.
1066 1604 1165 1655 Ise.
1203 1604 1297 1655 IV.
1340 1608 1435 1656 197
1476 1622 1523 1671 Ρ.
1561 1607 1629 1657 90
1663 1606 1946 1671 probatum.
2024 1606 2260 1671 Namque
2299 1622 2512 1659 consen-

367 1706 451 1741 sus
502 1691 729 1741 codicum
780 1692 940 1743 Rehd.
982 1691 1095 1740 Par.
1142 1690 1261 1741 Seu.
1309 1698 1359 1741 et
1407 1706 1584 1741 verum
1633 1706 1742 1742 esse
1791 1678 2038 1743 comere
2095 1693 2411 1743 demonstrat
2463 1701 2512 1743 et

366 1778 527 1828 videri
567 1783 735 1841 potest
770 1776 867 1826 hoc
904 1776 1124 1841 hortari,
1180 1784 1237 1825 ut
1272 1776 1543 1825 nitidum
1580 1776 1880 1838 Meliorem,
1935 1778 2022 1841 qui
2060 1778 2208 1827 etiam
2253 1793 2316 1829 ea
2367 1787 2513 1828 curet

367 1877 534 1926 „quae
574 1870 692 1911 sunt
732 1862 1031 1927 superflua‘*‘
1080 1860 1383 1926 (Schulting.
1424 1860 1638 1923 Quintil.
1677 1860 1826 1915 Decl.
1867 1862 2016 1913 vm.
2057 1864 2090 1913 6
2126 1880 2172 1929 Ρ.
2216 1862 2363 1927 170),
2413 1864 2510 1913 dici

367 1948 579 1997 velimus
1022 1948 1031 1959 ’

773 2028 991 2083 Comere
1028 2032 1316 2083 delicias.

366 2116 492 2167 Nam
531 2124 581 2167 et
617 2132 769 2167 voces
807 2105 1072 2167 div‘itias
1118 2129 1169 2166 et
1225 2118 1507 2169 delicias
1561 2118 1854 2183 frequenter
1909 2120 2038 2167 inter
2091 2134 2146 2169 se
2201 2126 2512 2183 permutatas

366 2218 477 2253 csse
531 2202 883 2251 indicaverunt
937 2203 1254 2251 'Burmannus
1309 2203 1454 2253 Ovid.
1510 2204 1640 2255 Met.
1695 2203 1848 2255 XIII.
1897 2205 1992 2255 831
2042 2220 2092 2269 p.
2131 2206 2231 2256 920
2285 2214 2334 2254 et
2387 2206 2513 2255 alter

368 2286 691 2337 Burmannus
745 2286 902 2338 Anth.
962 2287 1074 2339 Lat.
1132 2287 1230 2340 111.
1271 2290 1369 2339 146
1423 2306 1471 2354 p.
1514 2292 1615 2342 594
1639 2303 1716 2352 sq.
1772 2288 1914 2350 (add.
1961 2286 2063 2339 Cic.
2119 2289 2259 2341 Lael.
2301 2290 2390 2351 15,
2444 2292 2510 2341 52

366 2372 634 2423 deliciis
672 2371 973 2425 diffluentes,
1014 2374 1125 2423 edd.
1163 2374 1361 2437 aliquot
1403 2375 1660 2425 divitiis
1695 2372 1759 2423 cf.
1797 2374 2098 2425 Maximiau.
2137 2374 2285 2437 Eleg.
2315 2374 2380 2425 V.
2420 2376 2508 2425 88:

365 2456 671 2519 „Quondam
709 2458 921 2507 dixitiae
960 2457 1276 2522 deliciaeque
1326 2459 1535 2524 meae“)
1585 2467 1636 2509 et
1686 2474 1934 2509 comere
1981 2459 2188 2510 delicias
2231 2466 2370 2509 recte
2412 2456 2511 2508 dici

369 2544 653 2593 docuerunt
690 2540 982 2593 Gronovius
1020 2542 1180 2593 Diatr.
1218 2560 1272 2609 Ρ.
1310 2546 1409 2595 284
1446 2560 1520 2611 sq.
1560 2546 1609 2596 et
1647 2545 1982 2595 Marklandue
2019 2543 2114 2595 IV.
2153 2547 2199 2603 6,
2239 2546 2304 2596 86
2339 2560 2387 2609 Ρ.
2409 2544 2510 2595 333

366 2642 424 2677 ac
479 2627 857 2677 Wernsdorfius
902 2628 1106 2680 Pallad.
1156 2630 1219 2679 de
1268 2632 1409 2684 Insit.
1447 2632 1516 2682 40
1550 2647 1599 2697 Ρ.
1641 2631 1754 2693 141.
1835 2630 2040 2681 Ennod.
2080 2626 2120 2681 1.
2157 2630 2191 2679 4
2231 2644 2280 2694 p.
2320 2630 2419 2679 312
2440 2627 2510 2681 C:

366 2713 681 2775 „naturalem
720 2713 833 2763 dos
870 2720 961 2763 tua
996 2716 1194 2766 comit
1230 2717 1459 2782 opem.“
1534 2718 1728 2768 Auson.
1770 2713 1907 2767 Clar.
1946 2714 2072 2765 Urb.
2097 2714 2190 2767 VI.
2232 2716 2322 2765 17:
2361 2713 2508 2776 „Co-

367 2813 526 2867 mere
563 2812 695 2863 quae
732 2799 939 2862 paribus
978 2801 1147 2865 potuit
1182 2802 1386 2865 fastigia
1421 2800 1572 2853 conis.
1635 2801 1835 2851 Mosell.
1863 2802 1988 2852 286:
2026 2810 2322 2862 „comunt
2358 2815 2508 2866 prae·

366 2884 498 2933 toria
541 2882 729 2948 ripas.“
817 2884 1065 2934 Marcian.
1106 2883 1235 2951 Cap.
1273 2887 1315 2937 1.
1344 2889 1371 2936 1
1409 2902 1457 2951 Ρ.
1498 2886 1556 2937 5:
1610 2885 1914 2948 „Comere
1967 2886 2222 2937 vernificis
2269 2886 2502 2938 florentia

364 2968 541 3019 limina
588 2968 783 3022 serti8.“
854 2966 981 3019 Stat.
1018 2970 1289 3021 Aehi11.1.
1333 2973 1459 3022 182:
1512 2972 1765 3032 „Miratur
1817 2972 2120 3039 comitque
2167 2987 2326 3023 senex
2371 2986 2508 3022 nuuc

370 3060 582 3118 pectora
616 3050 861 3114 mulcens,
898 3054 1047 3105 Nunc
1080 3056 1239 3107 sortes
1274 3054 1567 3107 humeros.“

1358 3234 1484 3321 V.

502 3396 743 3447 Nondum
780 3398 841 3445 de
878 3396 1127 3462 Epi'cedio
1164 3398 1325 3463 patris
1360 3399 1684 3449 absolvimus.
1758 3399 1888 3450 Nam
1939 3414 2069 3465 quae
2113 3398 2347 3465 proxima
2394 3404 2511 3449 eunt

366 3479 439 3546 (v.
480 3482 581 3532 124
616 3478 735 3548 sq.),
774 3497 831 3534 ea
870 3483 1243 3548 disputatione,
1293 3498 1425 3549 quae
1462 3486 1752 3535 continetur
1789 3482 2177 3536 Subsecivorum
2215 3484 2378 3549 capite
2413 3480 2508 3533 IV.

363 3582 411 3631 p.
433 3568 706 3619 427—733
744 3566 1004 3631 Philolog.
1042 3570 1193 3630 1850,
1230 3570 1303 3619 sic
1340 3578 1591 3621 correcta:

772 3653 883 3703 Nec
920 3654 1139 3719 simplex
1175 3655 1371 3719 patriae
1408 3656 1579 3717 decus,
1617 3662 1671 3707 et
1707 3656 1890 3707 natalis
1927 3657 2069 3721 origo

770 3738 972 3789 Pendet
1006 3739 1064 3789 in
1102 3741 1338 3804 ambiguo
1375 3742 1607 3805 geminae
1646 3741 1919 3791 certamine
1959 3747 2136 3794 terrae.

778 3824 856 3874 Te
894 3826 957 3874 de
994 3834 1147 3889 gente
1184 3840 1329 3875 suum
1365 3825 1527 3877 Latiis
1564 3827 1760 3877 adscita.
1795 3825 1988 3875 colonis

774 3907 935 3974 Graja
970 3910 1126 3960 refert
1162 3911 1317 3972 Selle,
1357 3910 1595 3978 Phrygiis
1633 3926 1733 3978 qua
1768 3926 1938 3977 puppe
1975 3910 2218 3975 magister
2556 3925 2620 3995 5-
2644 3932 2698 3997 3
2749 3942 2870 4020 '²9

775 3996 985 4045 Excidit
1021 4004 1072 4045 et
1107 3996 1284 4047 mediis
1323 3996 1475 4045 miser
1512 3997 1770 4061 evigilavit
1803 3997 1854 4045 in
1895 3998 2069 4056 undis3
2580 3979 2616 4017 Ι
2711 3982 2724 3993 ’

772 4082 1051 4131 Inarime
1086 4083 1205 4134 iude
1243 4098 1388 4133 suum
1425 4084 1582 4147 longo
1619 4083 1803 4148 probat
1838 4082 2018 4132 ordine
2056 4082 2204 4135 vitae.

772 4168 1082 4218 Maeoniden
1120 4168 1327 4219 Asiae
1365 4168 1595 4233 quales
1633 4168 1884 4219 natalibus
1921 4168 2071 4218 urbes

777 4254 1038 4319 Diripiunt

284 4366 292 4373 ·
365 4340 665 4391 confirmare
703 4340 827 4389 licet
860 4340 1075 4403 primum
1114 4340 1415 4391 auctoritate
1450 4338 1644 4390 Heinsii
1683 4335 1818 4390 Adv.
1839 4338 1937 4391 111.
1967 4340 2029 4391 13
2065 4356 2116 4405 p.
2137 4340 2262 4391 496:
2302 4340 2511 4406 „Pen-

366 4426 479 4475 det
514 4432 591 4475 et.
628 4426 775 4477 Fort.
811 4426 877 4475 in
913 4426 997 4475 vel
1034 4426 1147 4475 ab“
1188 4432 1240 4477 et
1274 4426 1359 4490 qui
1398 4427 1483 4493 „in
1519 4426 1669 4477 Rom.
1710 4432 1760 4477 et
1784 4424 1919 4486 Ven,
1959 4426 2081 4479 edit.
2115 4427 2178 4476 in
2213 4426 2511 4491 ambig'uo
