3234 4967
2450 372 2600 455 ‚1¹

980 712 1645 823 Adnotationes
1680 711 2114 823 Criticae.

463 888 1099 1011 „Epicedion
1180 921 1272 985 in
1346 918 1686 985 filium.
1779 918 1884 984 Ita
1964 916 2201 1005 vulgo·
2242 914 2459 982 editur
2521 916 2613 981 in-

465 1030 751 1119 scriptio.
842 1028 1046 1094 Recte
1100 1028 1303 1113 igitur
1361 1028 1611 1115 conjeci
1657 1047 2031 1115 puerum:
2079 1025 2184 1089 cui
2232 1020 2418 1089 addit
2460 1020 2613 1087 Par-

464 1137 703 1201 mensis
765 1156 992 1199 suum
1051 1142 1117 1198 et
1171 1134 1300 1198 ita·
1328 1133 1527 1199 edidi.
1620 1134 1730 1199 Sic
1786 1140 1849 1197 v.
1898 1131 2019 1197 52:
2079 1132 2367 1216 ignosce,
2414 1149 2611 1216 puer

465 1251 532 1307 et
579 1242 694 1308 79:
761 1262 976 1306 nonne
1035 1261 1291 1326 gemam
1347 1249 1435 1323 te,
1499 1262 1650 1304 care
1709 1259 1913 1327 puer
1974 1246 2040 1302 et
2099 1238 2193 1301 ita
2250 1233 2364 1301 lib.
2409 1232 2501 1299 ΙΙ.
2534 1232 2609 1296 63

466 1346 844 1415 Consolatio
891 1346 976 1411 ad
1019 1344 1121 1411 Fl.
1190 1346 1431 1412 Ursum
1480 1344 1561 1411 de
1608 1344 1953 1411 amissione
2000 1341 2235 1432 pueri
2281 1340 2611 1405 delicati.“

463 1452 647 1519 Haec
679 1451 1109 1521 Marklandus
1152 1452 1476 1534 nimirum,
1524 1460 1598 1516 ut
1644 1448 1903 1533 assolet,
1947 1450 2183 1514 omisso
2214 1447 2471 1513 Heinsii
2501 1467 2610 1512 no-

463 1560 658 1641 mine,
705 1559 818 1647 qui
861 1558 932 1623 in
977 1555 1320 1625 Claudian.
1367 1556 1517 1623 Rus.
1548 1555 1604 1622 Ι.
1651 1556 1867 1623 Praef.
1915 1556 1979 1620 4.
2027 1578 2091 1643 p.
2126 1554 2207 1621 27
2259 1553 2418 1643 (quo
2463 1552 2608 1618 loco

463 1686 650 1730 usum
709 1664 1012 1730 videmus
1071 1662 1533 1731 Marklandum
1597 1688 1658 1728 v.
1695 1663 1803 1728 45.
1851 1686 1917 1751 p.
1959 1660 2120 1749 407)
2168 1669 2236 1726 et
2282 1660 2364 1727 37
2410 1682 2477 1748 p.
2524 1659 2611 1725 32

464 1778 930 1837 commemorat
1014 1768 1096 1834 de
1181 1768 1556 1857 „Epicedio
1634 1771 1701 1834 in
1770 1770 2114 1835 Vernam
2195 1788 2551 1855 puerum.
2571 1769 2611 1802 “

461 1874 776 1965 Idemque
840 1874 924 1941 ab
986 1897 1064 1941 eo
1113 1875 1452 1965 judicium,
1512 1875 1583 1940 id
1640 1874 1814 1964 quod
1870 1896 2092 1941 omnes
2138 1874 2607 1960 incompertum
2676 1866 2683 1873 ’

463 1980 726 2064 habent,
773 1982 1016 2049 factum
1065 1990 1164 2046 est
1208 1982 1276 2045 in
1321 1980 1496 2047 Adv.
1541 1978 1667 2046 111.
1718 1981 1800 2045 17
1849 2005 1913 2070 p.
1948 1980 2076 2049 549
2123 1978 2252 2045 his:
2323 1975 2609 2066 „Epice-

471 2086 624 2152 dion
668 2088 736 2151 in
779 2108 1048 2152 vernam
1095 2108 1469 2175 puerum,
1519 2086 1728 2175 quod
1784 2086 1989 2153 male
2048 2088 2129 2151 in
2188 2085 2455 2152 filium
2503 2084 2611 2148 in-

471 2190 909 2259 scribitur“
968 2201 1035 2257 et
1089 2190 1210 2257 IV.
1258 2192 1321 2275 4,
1369 2216 1432 2279 p.
1481 2192 1645 2257 594:
1715 2190 2138 2280 „Epicedion
2189 2193 2258 2256 in
2308 2213 2610 2257 vernam:

465 2297 568 2363 ita·
601 2298 770 2364 enim
813 2297 1298 2364 inscribendum
1345 2297 1414 2362 id
1459 2299 1879 2386 poematium,
1943 2320 2097 2364 non
2142 2296 2224 2362 in
2269 2295 2551 2362 filium.
2570 2300 2611 2333 “

463 2402 517 2469 Ι.
574 2406 616 2470 2
671 2428 735 2493 Ρ.
785 2405 899 2471 163
970 2402 1350 2493 „Epicedio
1412 2404 1675 2469 Vernae
1744 2404 2047 2491 pueri.“
2130 2403 2210 2468 cf.
2281 2404 2351 2467 in
2410 2401 2639 2468 ovid..

460 2508 651 2575 Pont.
682 2508 803 2575 IV.
852 2510 955 2592 11,
999 2510 1087 2574 20
1131 2532 1196 2597 Ρ.
1230 2509 1391 2574 8843
1439 2508 1817 2597 „Epicedio
1848 2510 2186 2574 Vernae.“
2256 2507 2454 2581 Adde
2502 2508 2611 2573 ad-

461 2624 595 2680 not.
629 2638 692 2679 v.
723 2615 832 2691 49.
892 2615 1123 2703 Neque
1155 2614 1344 2680 aliter
1377 2624 1671 2680 senserat
1702 2614 2078 2681 Gronovius
2108 2614 2320 2680 Diatr.
2358 2636 2424 2703 p.
2455 2614 2608 2679 436.

461 2719 612 2785 523.
645 2719 808 2787 588:
855 2718 1268 2807 „Epicedion
1311 2721 1395 2784 in
1438 2742 1778 2809 puerum
1825 2724 2221 2786 vernam.“
2290 2720 2381 2785 Et
2425 2740 2612 2808 pue·

463 2848 630 2891 rum
668 2824 942 2913 quidem
987 2846 1219 2891 verum
1265 2846 1407 2891 esse
1456 2825 1649 2891 docet
1679 2824 2179 2913 Rehdigeranus
2224 2824 2412 2909 liber,
2460 2846 2612 2914 quo—

462 2953 610 2997 cum
643 2930 948 3017 congruit
979 2928 1354 2998 Parmensis
1387 2931 1621 2998 editio:
1653 2932 2097 3020 Epicidion
2150 2932 2229 2997 in
2284 2952 2608 3019 puerum

463 3060 704 3103 suum.
777 3036 990 3119 Quem
1035 3036 1272 3104 librum
1324 3046 1637 3126 sequutus
1686 3046 1787 3102 est
1831 3036 2187 3120 Queckius.

1369 3235 1441 3308 V.
1486 3234 1687 3309 1—3.

596 3356 723 3437 „M
742 3378 776 3421 e
823 3357 1240 3421 miserum!
1277 3356 1572 3446 (neque
1624 3358 1833 3422 enim
1862 3377 1957 3422 ve
1979 3356 2149 3423 rbis
2198 3354 2611 3422 sollemni-

465 3458 610 3525 bus
677 3461 846 3527 ulla
910 3461 1322 3551 Incipiam
1389 3484 1634 3546 nunc,
1698 3462 2127 3529 Castaliae
2186 3462 2611 3529 vocalibus

463 3565 700 3630 undis
744 3568 1073 3634 Invisus
1115 3568 1382 3635 Phoeb
1403 3592 1439 3635 o
1457 3591 1604 3658 que
1651 3559 1989 3657 gravis).
2050 3570 2158 3636 Ita
2199 3568 2607 3636 scribendum

462 3684 853 3738 monuerunt
897 3696 1017 3740 nos
1065 3674 1486 3741 eruditissimi
1531 3676 1660 3741 viri
1696 3675 1769 3739 P.
1816 3675 2184 3741 Scriverius
2232 3686 2296 3741 et
2340 3674 2405 3741 J.
2436 3674 2611 3740 Isaa-

461 3778 599 3841 cius
639 3778 994 3844 Pontanus.
1088 3779 1591 3847 Observandum
1651 3790 1869 3845 autem
1928 3780 2273 3846 artificium
2330 3779 2606 3868 Papinii,

461 3883 635 3969 quod
696 3884 762 3947 in
822 3885 1210 3971 gravissimo
1266 3885 1448 3952 luctu
1507 3886 1848 3974 suspendit
1903 3910 2166 3951 versum
2226 3884 2336 3951 illo
2392 3886 2427 3951 I
2442 3908 2486 3951 n
2502 3908 2539 3951 c
2554 3888 2574 3950 i
2587 3926 2609 3935 -

459 3989 667 4074 piam
711 4014 756 4055 n
771 4013 869 4055 un
885 3992 922 4055 c
937 4040 956 4075 ‚
1004 3992 1191 4079 quasi
1238 3991 1525 4078 singultu
1577 3993 2059 4079 interstinguat.
2128 3990 2439 4058 Barthius
2484 4014 2605 4081 pro

459 4091 629 4160 ulla
701 4096 1004 4163 rescribit
1071 4117 1116 4160 u
1131 4094 1189 4161 lt
1203 4116 1238 4161 r
1253 4120 1310 4161 a.
1403 4096 1534 4163 Sed
1590 4120 1722 4163 non
1781 4100 1993 4185 ejurat
2054 4118 2307 4163 omnem
2364 4096 2602 4163 bonam

359 4267 374 4279 ‚
459 4200 713 4288 copiam
773 4212 1000 4290 poeta3
1055 4226 1287 4269 verum
1347 4226 1415 4267 se
1476 4205 1602 4269 hoc
1647 4214 1939 4293 tempore
1999 4205 2343 4293 quicquam
2402 4202 2605 4271 solen-

459 4305 649 4372 nibus
679 4308 900 4375 verbis
941 4308 1264 4397 hilarique
1306 4319 1504 4375 cantu
1546 4332 1843 4376 orsurum
1888 4320 2107 4397 negat.
2168 4309 2605 4376 Retinendum

458 4410 660 4496 igitur
704 4412 943 4490 1111&ss
1013 4414 1200 4480 Haec
1247 4414 1509 4511 quidem
1556 4425 2049 4511 argumentatus
2095 4424 2195 4481 est
2231 4414 2606 4481 Gronovius
