3234 4967
671 362 770 409 212
1497 361 1790 424 Conject.
1829 362 1980 413 XIII.

665 549 716 597 p.
739 535 851 585 862.
875 531 945 584 0:
981 542 1153 584 manet
1176 534 1366 582 intem
1382 540 1565 582 erata
1589 534 1881 583 mortalibus
1900 534 2090 582 arbitrii
2115 531 2387 599 libertas“).
2408 533 2507 585 111.
2530 537 2653 585 178:
2680 550 2809 601 mu·-

669 635 700 667 n
715 634 818 667 era
835 619 940 668 libo
960 618 1399 667 Intemerata.“
1419 618 1544 672 Stat,
1565 618 1930 668 Theb.1V.579
1949 620 2171 669 sacerd
2188 634 2271 674 os.
2294 615 2809 682 Silv.V.1,60ma11et

669 720 781 752 eum
807 710 1100 768 paupertate
1125 705 1313 767 pudica
1336 701 1913 753 Intemerata·mori“
1950 703 1999 751 id
2026 710 2101 752 est
2124 711 2263 753 casta
2288 704 2501 755 Schrad.
2536 703 2809 755 Animadv.

670 790 733 837 ad
769 789 887 837 Mus
939 788 1003 837 X.
1039 804 1090 851 p.
1111 790 1223 841 205.
1279 787 1524 837 Marcian.
1564 786 1753 850 Gap.1.
1776 788 1806 835 6
1842 804 1891 852 p.
1913 790 2001 837 24:
2040 786 2233 853 Sophia.
2268 791 2491 853 prudens
2529 797 2811 853 sanctaque

668 874 1220 936 intemeratiorque
1279 873 1474 923 cunctis
1521 872 1885 936 pulchriorque
1933 872 2257 936 virginibus.“
2346 874 2533 923 Alma
2588 873 2809 923 amicitia

670 968 852 1017 antem,
890 965 947 1005 ut
981 958 1076 1007 XI.
1115 960 1204 1008 98:
1253 958 1416 1007 alma
1449 958 1579 1007 fides
1626 957 1937 1020 pietasque.“
1996 958 2116 1007 Vet.
2156 960 2331 1011 Schol.
2369 976 2418 1023 p.
2459 960 2618 1011 13073
2672 975 2811 1009 amor

669 1042 943 1102 fraternus,
980 1058 1126 1105 quem
1163 1044 1389 1093 almum
1425 1044 1530 1092 sive
1567 1036 1858 1092 sanctum
1898 1044 2091 1091 vocat.“
2144 1043 2331 1107 Wopk.
2368 1043 2570 1095 Paulin.
2608 1044 2811 1093 Petroc.

671 1129 733 1177 de
773 1126 874 1177 Vit.
913 1128 1065 1178 Mart.
1102 1126 1198 1177 VI.
1237 1132 1298 1177 71
1338 1145 1385 1193 p.
1410 1130 1526 1188 921,
1563 1133 1745 1191 pectus
1782 1127 1898 1175 alm
1914 1142 1981 1175 ac
2018 1128 2369 1188 amicitiae,
2408 1136 2465 1177 ut
2498 1130 2635 1193 apud
2670 1128 2811 1179 Man

672 1212 843 1261 tialem
883 1211 979 1261 IX.
1019 1215 1098 1271 14,
1137 1215 1198 1263 2:
1248 1213 1398 1261 Hunc
1437 1238 1500 1247 -—
1537 1210 1664 1261 Esse
1700 1220 1848 1276 putas
1884 1211 2055 1261 fidae
2108 1220 2286 1276 pectus
2340 1212 2703 1263 amicitia-e“
2762 1222 2813 1261 et

671 1298 940 1347 Manilium
976 1298 1049 1349 11.
1088 1300 1215 1349 582:
1252 1297 1378 1347 nihil
1414 1313 1480 1345 ex
1515 1302 1671 1345 semet
1704 1307 1891 1345 natura
1926 1293 2120 1347 creavit
2156 1298 2439 1347 Pectore
2477 1298 2811 1347 amicitiae

673 1381 882 1445 majus,“
919 1383 1100 1445 quibus
1125 1398 1157 1431 a
1183 1381 1426 1431 Gevartio
1449 1398 1500 1445 p.
1519 1383 1625 1431 430
1661 1378 1731 1443 (et
1765 1380 2040 1445 Salvagnio
2076 1381 2225 1431 ovid.
2260 1382 2338 1431 Ib.
2360 1386 2431 1449 27,
2444 1399 2495 1446 Ρ.
2514 1381 2602 1443 24)
2640 1377 2809 1433 allatis

671 1468 862 1517 addere
901 1467 1271 1527 Quintilianum
1308 1466 1459 1517 Decl.
1494 1467 1538 1517 Ι.
1567 1470 1633 1517 10
1666 1484 1717 1532 Ρ.
1742 1469 1805 1518 25
1844 1466 1901 1530 (a
1935 1468 2230 1518 Burmanno
2266 1466 2342 1519 lb.
2378 1466 2485 1517 1.(1.
2520 1482 2624 1517 non
2661 1468 2811 1517 omis-

671 1567 781 1601 sum
818 1550 880 1605 cf.
919 1552 1094 1605 Barth.
1133 1552 1266 1602 Δάν.
1302 1552 1345 1602 Ι.
1376 1553 1438 1601 16
1473 1568 1523 1615 p.
1547 1549 1666 1611 37):
1702 1552 1897 1601 violare
1932 1567 2037 1603 non
2074 1558 2153 1601 est
2187 1566 2339 1601 ansus
2374 1557 2599 1615 pectus
2636 1552 2811 1601 odio-

671 1635 841 1685 rum“
883 1636 954 1685 sic
990 1637 1122 1700 fugit
1146 1636 1530 1696 Marklandum‚
1567 1644 1627 1685 ut
1660 1638 1796 1687 hunc
1824 1639 1988 1702 ipsum
2014 1637 2587 1700 locum,comparatione
2612 1636 2811 1686 illorum

670 1722 924 1770 illustrare
963 1722 1338 1784 Schultingium
1375 1737 1424 1785 p.
1446 1723 1512 1772 25
1548 1736 1623 1784 sq.
1663 1722 1727 1773 cf.
1766 1721 1917 1785 Eleg.
1956 1724 2019 1770 de
2046 1722 2215 1771 Maec.
2242 1721 2428 1771 Morib.
2450 1723 2537 1772 26:
2575 1722 2810 1771 Pectus

675 1822 812 1855 eram
850 1820 969 1855 vere
1003 1806 1287 1868 pectoris
1323 1806 1433 1869 ipse
1471 1804 1588 1856 tui.“
1668 1808 1845 1856 Barth.
1880 1806 2016 1856 Adv.
2053 1806 2260 1856 va.
2299 1808 2329 1855 2
2365 1822 2415 1870 p.
2452 1808 2569 1857 936.

812 1890 1009 1951 Quibus
1045 1890 1121 1939 ita
1155 1891 1432 1954 propositis
1469 1890 1641 1940 facere
1686 1906 1791 1941 non
1840 1906 2043 1955 possum
2092 1892 2213 1954 quin
2258 1891 2495 1955 injuriam
2544 1891 2811 1942 defendam

672 1976 834 2023 eidem
871 1973 1036 2023 Statio
1072 1971 1239 2025 Theb.
1276 1974 1372 2027 111.
1413 1978 1535 2026 202:

1384 2074 1480 2109 nec
1517 2062 1653 2124 quod
1690 2061 1797 2121 tibi,
1835 2061 2003 2116 Delia,
2042 2069 2207 2110 castos

967 2144 1282 2207 0Prolapsum
1319 2147 1385 2195 ad
1419 2146 1586 2195 sontes
1625 2146 1837 2210 specula
1872 2155 2220 2197 temerante
2256 2146 2473 2211 profana

973 2230 1094 2279 Heu
1131 2231 1390 2281 dominum
1427 2232 1588 2279 insani
1628 2246 1732 2279 non
1768 2244 2025 2293 agnovere
2063 2232 2280 2281 Molossi

671 2332 702 2363 a
739 2313 1000 2364 Gronovio
1037 2324 1092 2363 et
1127 2316 1439 2365 Marklando
1477 2314 1601 2365 Silv.
1637 2316 1708 2367 ΙΙ.
1749 2317 1795 2375 6,
1816 2318 1883 2365 80
1919 2332 1967 2379 p.
1990 2318 2105 2376 250,
2144 2331 2293 2380 quem
2332 2314 2589 2368 Gronovio
2625 2319 2811 2369 omisso

671 2396 896 2449 laudavit
921 2400 1200 2461 QueckiuS,
1238 2402 1506 2461 conflatam
1541 2401 1609 2459 id,
1649 2401 1785 2464 quod
1822 2401 1873 2449 in
1898 2400 2057 2453 Paris.
2096 2416 2169 2466 pr.
2210 2408 2261 2451 et
2294 2402 2407 2453 aliis
2442 2403 2581 2453 libris
2614 2400 2812 2467 legitur,

671 2486 1049 2548 praeoptando:
1105 2490 1400 2535 temerare
1447 2486 1562 2547 (te,
1607 2486 1787 2545 Delia,
1833 2495 2099 2535 temerare
2146 2486 2390 2549 Markl.);
2444 2503 2561 2537 nam
2599 2504 2689 2537 nec
2726 2489 2813 2551 qui

673 2570 896 2621 volens
939 2571 1310 2633 speculatur
1361 2570 1580 2619 loturum
1617 2572 1779 2630 deam,
1818 2579 1953 2619 recte
1990 2572 2173 2619 dicitur
2224 2571 2450 2621 volens
2503 2580 2812 2621 temerare

673 2652 833 2715 (hanc
873 2655 1004 2703 enim
1040 2656 1208 2718 potins
1230 2656 1702 2719 interpretationem
1729 2656 1983 2719 recipiunt
2006 2657 2120 2706 illa:
2157 2657 2528 2720 prolapsum
2558 2658 2623 2705 ad
2648 2656 2812 2705 fontes

673 2747 1013 2799 temerare,
1051 2754 1202 2801 quam
1239 2740 1410 2804 illam,
1457 2754 1606 2802 quam
1644 2740 1954 2789 Duebnerus
1990 2742 2280 2804 proposuit:
2316 2743 2381 2791 ad
2416 2742 2585 2791 fontes
2620 2742 2694 2791 ita
2728 2743 2813 2789 de-

673 2824 845 2884 latum,
883 2828 944 2873 ut
967 2832 1232 2875 temeraret
1253 2850 1314 2859 —-
1345 2824 1512 2874 fontes
1537 2826 1619 2874 vel
1644 2824 1752 2886 te“)
1788 2832 1877 2873 aut
1899 2826 1986 2888 qui
2022 2833 2272 2875 tentare
2307 2827 2453 2877 deam
2478 2827 2634 2875 audet
2669 2825 2813 2889 (nam

674 2910 808 2958 hanc
845 2923 1050 2973 quoque
1086 2909 1274 2959 famam
1313 2910 1538 2959 extitisse
1575 2910 1831 2971 subtiliuS,
1869 2925 2019 2974 quam
2056 2910 2297 2961 Barthius
2334 2927 2383 2975 p.
2420 2912 2547 2972 235,
2586 2926 2679 2961 nos
2726 2912 2813 2960 do-

673 2995 866 3043 cuimus
903 2994 1063 3047 Theb.
1089 2994 1276 3045 Parad.
1313 3011 1361 3058 p.
1383 2994 1526 3057 379),
1563 2996 1773 3045 oculis
1810 2997 2073 3045 dumtaxat
2110 3004 2423 3045 temerare
2460 2996 2606 3045 scribi
2645 3004 2816 3060 potest

672 3095 766 3130 nec
789 3080 867 3129 fas
903 3078 999 3129 fuit
1031 3081 1240 3143 ipsum
1277 3087 1735 3129 temeratorem
1760 3081 1835 3128 illi
1864 3080 2053 3130 Aletae
2078 3081 2238 3129 videri
2264 3080 2648 3130 deflendum.
2704 3080 2815 3131 Nec

673 3164 1020 3223 Weichertus‚
1070 3180 1216 3229 quem
1253 3166 1402 3213 video
1437 3165 1604 3228 Epist.
1646 3164 1767 3215 Crit.
1806 3166 1869 3214 de
1906 3165 2029 3213 Val.
2066 3166 2242 3215 Flac&
2277 3164 2474 3228 Argon.
2512 3182 2563 3230 p.
2584 3168 2648 3216 89
2685 3166 2813 3217 haec

673 3248 978 3313 professum:
1013 3264 1212 3312 „neque
1249 3265 1346 3313 ego
1383 3250 1493 3299 sani
1531 3250 1653 3313 quid
1688 3250 1943 3299 extricare
1982 3264 2132 3312 queo,
2170 3250 2263 3298 nisi
2302 3263 2365 3299 ea
2400 3252 2556 3299 verba
2591 3252 2665 3299 ita
2700 3267 2813 3301 cor-

675 3335 926 3396 rigantur:
981 3335 1254 3398 specula
1289 3343 1607 3385 temerata
1642 3334 1939 3399 profana,
1994 3336 2067 3383 ita
2109 3342 2165 3383 ut
2200 3335 2369 3385 Diana
2404 3344 2655 3385 temerata
2698 3337 2729 3387 i.
2766 3352 2811 3385 e.

674 3419 942 3483 profanata
979 3420 1194 3469 hominis
1229 3421 1476 3484 adspectu
1514 3420 1766 3481 dicatur,“
1801 3421 2079 3484 perspexit,
2116 3421 2235 3484 quid
2260 3435 2435 3469 verum
2465 3430 2599 3470 esset
2624 3429 2674 3469 et
2700 3421 2813 3472 Sta-

673 3505 746 3553 tio
785 3504 1008 3567 dignum.
1064 3503 1166 3564 Qui
1202 3506 1334 3553 enim
1373 3507 1696 3569 reputaverit,
1736 3506 1856 3569 quid
1892 3506 2180 3569 permiserit
2214 3506 2309 3555 sibi
2344 3506 2433 3554 ille
2469 3506 2564 3557 VI.
2605 3508 2727 3557 161:
2764 3520 2816 3555 at

674 3583 798 3652 quin
837 3598 888 3637 et
921 3589 1200 3640 blandus
1237 3592 1302 3639 ad
1338 3591 1500 3649 illam,
1545 3590 1732 3651 Nate,
1780 3591 1937 3653 magis
1952 3591 1982 3615 “
2017 3597 2068 3638 et
2102 3590 2295 3643 Achill.
2334 3591 2406 3640 11.
2444 3592 2539 3641 613
2594 3600 2811 3641 metuam

675 3674 796 3736 qnid
833 3675 966 3723 enim
1005 3674 1122 3723 tibi
1159 3684 1344 3725 cuncta
1377 3675 1548 3733 fateri,
1587 3675 1757 3734 Quum
1784 3674 2021 3737 Grajus
2058 3683 2281 3739 notaque
2316 3676 2419 3724 fide
2452 3676 2814 3729 celeberrimus

676 3760 857 3811 nnus.“
912 3758 1036 3810 VII.
1075 3762 1200 3811 6493
1239 3759 1366 3817 Quis
1405 3761 1496 3810 tibi
1534 3760 1813 3819 Baccheos,
1851 3760 2103 3819 Eumaee‚
2142 3760 2431 3823 relinquere
2469 3761 2649 3820 cultus,
2689 3760 2815 3821 Quis

673 3845 844 3905 lucos,
900 3846 1366 3908 vetitus'quibus
1415 3846 1693 3897 emansisse
1740 3847 2007 3905 sacerdos,
2064 3844 2267 3895 Suasit?
2340 3844 2465 3896 silv.
2500 3843 2599 3895 111.
2634 3847 2684 3905 4,
2723 3846 2815 3895 603

675 3944 853 3993 puer,
891 3931 1093 3993 superis
1131 3932 1215 3993 qui
1252 3932 1537 3994 praelibare
1573 3932 1843 3980 verendum
1869 3930 2061 3979 Nectar
2098 3957 2162 3967 -
2202 3931 2481 3981 Electus.
2520 3926 2814 3983 Theuvll.

677 4017 800 4066 1013
840 4016 882 4063 si
903 4040 964 4051 -
989 4014 1204 4065 Vertere
1229 4020 1366 4065 tecta
1402 4016 1610 4076 dabis,
1648 4016 1843 4079 magnis
1870 4026 1988 4065 tunc
2014 4016 2268 4079 dignior
2294 4012 2413 4075 aris,
2450 4016 2599 4064 Tunc
2623 4016 2815 4065 deus“

675 4097 740 4147 cf.
781 4097 938 4148 Gron.
975 4099 1074 4149 111.
1113 4102 1210 4152 563
1245 4117 1294 4165 p.
1331 4104 1429 4151 401
1469 4116 1544 4164 sq.
1599 4101 1807 4153 Hertzb.
1844 4100 1943 4161 Qu.
1978 4102 2135 4166 Prop.
2174 4100 2244 4153 11.
2282 4104 2335 4163 6,
2376 4104 2437 4151 12
2474 4118 2523 4165 Ρ.
2560 4103 2685 4162 124,
2729 4102 2819 4151 vix

675 4184 949 4244 dubitabit,
987 4185 1110 4249 quin
1133 4186 1267 4235 istud
1305 4195 1641 4237 temerante
1677 4188 1967 4251 provenerit
1992 4202 2058 4237 ex
2082 4202 2158 4247 ec,
2198 4188 2335 4249 quod
2360 4188 2670 4251 grammatici
2696 4187 2817 4235 olim

662 4311 958 4361 sententiae
1001 4312 1358 4377 explanandae
1396 4315 1566 4377 gratia
1595 4316 1669 4363 sic
1708 4315 2154 4379 consignaverant:
2209 4277 2560 4375 temerandea,
2598 4312 2820 4379 specula

687 4405 951 4447 temerata
989 4406 1159 4447 autem
1196 4401 1504 4463 procedente
1539 4407 1765 4465 tempore
1796 4400 1989 4451 factum
2014 4402 2093 4463 sit,
2132 4401 2269 4468 quod
2294 4400 2463 4452 fuerat
2498 4397 2586 4465 (ne
2611 4398 2817 4451 afferam
