3234 4967
1247 380 1485 434 Adnot.
1522 380 1669 433 8.9.
2456 377 2538 443 19·

385 567 498 633 15;
531 567 676 651 „Et
704 569 1017 636 resides
1047 567 1182 634 levi
1211 566 1580 635 modulatus
1612 567 1872 655 pectine
1903 569 2258 632 nervos“
2292 568 2387 633 sic
2414 589 2529 633 ex-

379 675 592 759 igere:
637 674 709 739 M
720 684 1132 739 arcentem
1162 712 1252 723 -
1281 674 1518 762 chelyn
1534 678 1576 713 ‘⁴
1621 672 1733 761 (cf.
1768 672 2033 739 Ennod.
2060 670 2279 737 Oarm.
2303 672 2359 737 Ι.
2385 674 2430 736 4
2453 696 2523 761 p.

379 779 531 845 313.
578 779 691 844 B.:
761 781 1256 863 „marcidam
1315 779 1633 845 damnans
1688 780 1842 843 otii
1887 778 2332 866 pharetram.“
2409 778 2525 845 Sil.

378 883 532 947 XV.
584 884 739 949 746:
787 884 1420 968 „marcentibus
1481 886 1788 951 annis.“
1857 884 2095 950 Avien.
2127 883 2374 949 Phaen.
2407 884 2526 949 46:

377 991 876 1072 „marcentia
967 990 1218 1057 corda
1283 992 1707 1079 jacerent)
1778 990 2199 1079 ejusdemque
2266 988 2527 1055 fabulae

380 1117 642 1161 versum
693 1098 850 1162 753:
900 1099 1169 1180 „victor
1225 1098 1544 1180 vincitur,
1616 1105 1953 1179 moeret,
2015 1094 2194 1160 dolet
2252 1095 2525 1184 (Heins.

377 1198 552 1266 Adv.
583 1202 709 1267 III.
745 1205 788 1267 2
818 1226 882 1289 Ρ.
916 1202 1050 1266 404
1081 1204 1376 1269 merito
1425 1201 1701 1289 doles)
1748 1202 1873 1266 hoc
1920 1202 2116 1267 modo
2164 1200 2523 1288 perpolire:

377 1316 718 1391 marcet,
768 1307 1012 1373 dolet.“
1104 1308 1278 1373 Add.
1329 1307 1627 1381 Coniect.
1679 1306 1769 1371 lll.

556 1412 812 1493 Quibus
869 1415 965 1477 ita
1026 1411 1402 1477 deliberatis
1474 1412 1604 1476 duo
1673 1412 2019 1475 manifesta
2076 1423 2225 1477 sunt
2290 1421 2359 1477 et
2416 1412 2527 1477 la-

379 1518 628 1581 cessis
711 1517 997 1605 (Parm.)
1077 1517 1184 1582 vel
1251 1516 1600 1581 lacessit
1666 1516 1882 1605 (Rom.
1955 1517 2105 1581 Vet.
2169 1517 2525 1583 Lindenbr.

379 1621 608 1686 Barth.
641 1620 814 1687 Adv.
849 1622 1042 1688 XIII.
1082 1624 1164 1687 10
1204 1647 1269 1710 p.
1305 1622 1489 1711 728),
1523 1622 1889 1688 latescis.
1934 1621 2107 1686 lace
2126 1624 2274 1687 stis
2306 1623 2527 1712 (codd.

378 1748 484 1814 ap.
528 1726 758 1792 Imhof.
806 1727 889 1792 de
933 1727 1088 1792 Silv.
1135 1728 1408 1793 Condic.
1445 1728 1610 1794 crit.
1650 1751 1714 1815 p.
1755 1726 1866 1817 12)
1901 1736 1967 1791 et
2000 1727 2175 1814 quod
2220 1728 2530 1795 Heinsius

374 1831 646 1917 protulit
675 1832 851 1897 Adv.
883 1831 925 1896 l.
975 1833 1038 1897 d.
1086 1856 1152 1920 p.
1200 1833 1366 1898 594:
1421 1835 1807 1916 „fatiscit
1852 1832 1959 1899 vel
2004 1834 2223 1919 potius
2269 1835 2529 1899 faces-

361 1937 566 2019 ‘sit,“
612 1937 1053 2025 spernendum
1101 1961 1245 2003 esse
1287 1962 1446 2026 prae
1493 1940 1845 2004 lacertis
1862 1989 1879 2021 ,
1928 1938 2105 2027 quod
2152 1962 2193 2003 a
2223 1938 2579 2005 Pontiani*

372 2040 586 2129 Epist.
618 2043 735 2109 VI.
767 2043 812 2107 4
857 2045 1244 2109 auctoritate
1276 2046 1518 2133 repetit
1549 2042 1997 2128 MarklanduS,
2031 2046 2171 2133 ipse
2202 2033 2515 2111 Bar’thius

372 2156 626 2212 mutata
696 2151 1021 2214 sententia
1080 2152 1366 2237 suscepit
1421 2150 1643 2215 Anim.
1701 2174 1765 2238 p.
1826 2151 1976 2233 502,
2042 2158 2307 2237 praeter
2368 2174 2514 2215 eum

373 2251 685 2319 Heinsius
743 2253 1086 2321 Claudian.
1132 2257 1283 2323 Rus.
1330 2256 1378 2320 1.
1427 2256 1510 2322 37
1567 2280 1633 2343 p.
1684 2257 1791 2338 32,
1852 2254 2246 2338 Gronovius,
2302 2256 2520 2323 Dueb-

372 2378 589 2442 uerus,
639 2360 995 2445 QueckiuS,
1058 2371 1127 2427 et
1173 2371 1403 2428 contra
1447 2361 1790 2427 Barthium
1837 2370 2033 2447 atque
2081 2360 2423 2425 Heinsium
2469 2360 2514 2427 l.

375 2463 438 2529 d.
496 2465 691 2531 Statii
750 2466 956 2532 verba
1016 2468 1110 2531 sic
1168 2468 1707 2554 interpretatum:
1770 2464 2093 2549 „lacertis
2147 2469 2397 2554 pariter
2453 2477 2518 2532 et

373 2572 590 2635 anima
635 2572 1016 2659 complexus
1060 2583 1208 2637 m'ea
1255 2576 1578 2654 viscera,“
1629 2594 1821 2659 quem
1876 2580 2192 2659 sequutus
2250 2582 2350 2638 est
2402 2576 2517 2638 Im-

372 2673 582 2754 hofius
627 2675 671 2741 l.
714 2676 777 2741 d.
825 2700 890 2763 p.
923 2678 1030 2760 32,
1093 2678 1446 2743 favendum
1506 2700 1649 2741 esse
1699 2678 2035 2742 Gronovio
2083 2686 2151 2743 et
2197 2680 2307 2765 qui
2357 2679 2518 2744 Gro-

370 2783 636 2846 novium
685 2780 910 2847 debita
952 2784 1146 2848 laude
1192 2807 1324 2850 non
1370 2785 1749 2871 impertivit,
1799 2781 2225 2848 Marklando:
2272 2784 2516 2868 „Hein-

369 2888 524 2971 sius,
585 2888 815 2974 inquit,
862 2896 1142 2953 testatur
1187 2890 1506 2955 editiones
1564 2888 1880 2976 quasdam
1932 2899 2229 2967 vetustas
2273 2888 2515 2955 habere

370 2994 614 3057 anim
640 3016 681 3058 a
705 3016 772 3057 m
801 3016 896 3081 qu
922 3016 958 3057 e
1031 2994 1150 3075 [cf.
1207 3018 1272 3060 v.
1346 2996 1426 3060 19
1503 2997 1605 3081 pri
1630 3018 1696 3059 m
1724 3016 1765 3059 a
1792 3016 1938 3081 que.
2055 2995 2270 3059 Parm.
2325 2998 2517 3083 prim-

369 3120 645 3186 amque.
726 3122 790 3164 v.
859 3100 945 3166 83
1027 3099 1379 3166 dextram.
1464 3099 1657 3164 codd.
1745 3099 2023 3165 dextra.
2101 3100 2155 3164 Ι.
2229 3102 2290 3183 2,
2379 3103 2504 3167 143

367 3202 795 3293 laetamque.
887 3205 1098 3272 Rehd.
1179 3204 1584 3293 laetaque],
1668 3205 1760 3269 Π.
1862 3206 1940 3288 3,
2026 3206 2110 3270 29
2187 3203 2290 3270 lae
2307 3227 2505 3271 vum-

373 3330 516 3395 que.
594 3310 804 3377 Rehd.
896 3310 1271 3403 levaque),
1365 3310 1913 3400 quemadmodum
2005 3332 2129 3396 ego
2222 3315 2512 3401 conjece-

257 3428 265 3436 ·
369 3436 530 3479 ram.
608 3416 706 3481 Et
761 3420 952 3483 unice
1013 3438 1243 3483 verum
1301 3427 1402 3482 est
1445 3420 1771 3483 viscera
1831 3418 2333 3505 animamque
2393 3428 2518 3483 te·

365 3508 566 3586 nens
621 3533 894 3612 propter
950 3526 1474 3613 conjunctionem
1534 3546 1723 3612 que,
1773 3544 1938 3611 quae
1998 3522 2083 3587 ad
2138 3525 2509 3611 proximum

364 3628 719 3713 viscera,
777 3653 912 3695 non
971 3631 1058 3696 ad
1115 3632 1427 3697 remotius
1483 3630 1827 3696 lacertis
1882 3629 2297 3695 referendum
2343 3638 2510 3695 est.“

367 3734 664 3816 Quocum
730 3738 998 3822 egregie
1056 3737 1339 3801 concinit
1397 3735 1754 3802 similitudo
1809 3735 2093 3823 exempli
2137 3734 2297 3801 Silv.
2329 3736 2412 3801 V.
2451 3742 2508 3822 l,

362 3839 482 3904 47:
514 3851 626 3925 „te
657 3881 748 3891 --
776 3841 1260 3908 Visceribus
1291 3844 1447 3907 totis
1478 3844 1869 3929 animoque
1918 3839 2239 3927 amplex
2262 3864 2302 3906 a
2332 3842 2507 3907 fove-

361 3945 492 4030 bat,
512 3952 552 3987 “
615 3970 743 4036 quo
801 3957 830 4013 t
938 3970 1133 4037 quam
1193 3958 1374 4014 certo
1432 3947 1827 4013 adminiculo
1885 3948 1985 4011 usi
2032 3948 2506 4013 contrariarum

361 4056 765 4120 sentent-iarn
912 4065 1210 4121 auctores
1291 4055 1603 4119 Heinsius
1688 4076 1765 4118 ac
1834 4052 2211 4119 Gronovius
2288 4053 2506 4119 Mark-

357 4158 721 4248 landusque
781 4163 1143 4226 omiserunt
1200 4171 1419 4225 tamen
1480 4182 1564 4224 ex
1612 4143 1771 4225 cura
1818 4183 1935 4225 sua
1980 4183 2120 4225 rem
2174 4169 2246 4224 ut
2290 4158 2503 4225 levem

293 4266 311 4297 ⁸
355 4266 449 4330 ita
505 4288 628 4331 nec
687 4268 1236 4353 praetereundam
1299 4276 1366 4331 et
1419 4268 1793 4331 testimonio
1850 4266 2296 4353 Rehdigerani
2353 4266 2502 4332 libri

339 4372 484 4459 jam
542 4371 797 4437 firmam
866 4374 932 4437 et
986 4371 1312 4457 stabilem3
1388 4380 1769 4459 oportuerat
1826 4375 1997 4439 enim
2061 4373 2502 4459 redintegrari

2126 4477 2197 4533 2.
