3234 4967
631 383 715 448 48
1531 386 1760 438 Adnot.
1801 383 1885 438 33.

632 611 759 679 quo
817 611 1010 655 sensu
1059 589 1234 656 dicat
1267 589 1513 655 Statius
1563 612 1632 655 se
1682 589 1983 678 chelyn
2032 590 2411 656 scindere
2462 601 2527 656 et
2573 592 2787 657 nullus

633 697 914 760 occurrit
958 705 1223 783 praeter
1271 694 1768 780 dilacerare,
1820 696 2260 780 divellere,
2311 699 2422 786 qui
2470 697 2594 763 hoc
2638 696 2782 765 loco

629 803 785 868 ferri
815 823 947 867 non
977 812 1229 891 potest:
1279 805 1498 868 statim
1533 805 1705 868 enim
1740 804 2037 892 sequitur
2068 806 2309 892 juvat
2354 803 2508 869 heu
2542 808 2785 893 juvat

630 907 1126 973 illaudabile
1199 931 1524 975 carmen
1623 911 2041 975 Fundere:
2136 911 2318 998 atqui
2422 913 2477 976 si
2554 910 2790 998 chelyn

631 1013 1060 1098 scidisset,
1109 1015 1418 1080 nullum
1469 1039 1731 1081 carmen
1780 1016 2055 1081 fundere
2106 1018 2340 1104 potuit.
2414 1017 2624 1103 Lege:
2675 1017 2791 1082 sed

628 1123 1027 1187 incertum
1099 1121 1325 1207 digitis
1406 1123 1780 1189 errantibus
1872 1145 2093 1188 amens
2170 1123 2448 1188 Tundo
2530 1122 2784 1210 chelyn.

629 1229 873 1315 Digitis
919 1227 1322 1293 incertum
1371 1228 1745 1294 errantibus
1803 1238 1875 1294 ut
1923 1229 2127 1294 Theb.
2176 1227 2261 1292 V.
2311 1229 2472 1295 212:
2531 1230 2791 1295 incer·

631 1344 936 1422 tumque
986 1333 1188 1399 oculis
1238 1334 1839 1420 vigilantibus»,
1905 1334 2185 1401 Ovidius
2231 1335 2391 1400 Her.
2426 1335 2513 1400 X.
2548 1337 2623 1400 9:
2673 1338 2791 1400 in—

631 1449 934 1506 certum
981 1441 1371 1526 vigilans,
1435 1443 1789 1507 Horatius:
1848 1441 1938 1506 Et
1997 1451 2303 1507 certum
2352 1441 2653 1528 vigilans
2702 1482 2790 1491 ——

631 1548 832 1612 Potes
866 1548 1060 1612 etiam
1095 1547 1316 1633 legere
1353 1556 1418 1611 et
1453 1547 1646 1613 facile
1680 1549 2035 1614 defendere
2077 1551 2473 1614 insertam
2504 1549 2789 1636 digitis

633 1653 1064 1719 errantibu
1087 1678 1115 1717 s
1185 1652 1400 1741 [quod
1463 1654 1727 1741 quidem
1790 1677 1827 1720 a
1892 1679 1959 1720 se
2018 1657 2426 1744 propositum
2484 1656 2549 1719 in
2610 1655 2784 1720 Adv.

632 1758 818 1824 XIV.
871 1760 905 1823 7
956 1782 1021 1846 p.
1075 1759 1200 1824 766
1247 1768 1398 1846 post
1446 1762 1698 1848 sprevit
1743 1761 2055 1827 Barthius
2101 1761 2453 1827 Animadv.
2501 1785 2561 1848 p.
2595 1761 2783 1843 5041:

634 1865 750 1929 sed
812 1865 1220 1929 verissimum
1280 1875 1442 1952 puto
1504 1867 1909 1930 incertum
1968 1867 2363 1934 errantibus:
2422 1886 2543 1954 per
2597 1864 2773 1953 quod

634 1959 919 2035 ostendit
978 1991 1045 2035 se
1109 1969 1258 2034 huie
1305 1973 1418 2035 uni
1467 1973 1859 2058 cogitationi
1906 1972 2192 2038 defixum
2239 1995 2378 2037 esse
2429 1980 2494 2036 et
2540 1971 2780 2057 digitos

632 2076 894 2165 quidem
954 2076 1197 2141 habere
1263 2078 1330 2140 in
1391 2077 1677 2159 cithara,
1733 2079 2013 2143 animum
2077 2101 2236 2144 vero
2284 2079 2351 2142 in
2410 2099 2615 2164 puero
2678 2077 2785 2140 de-

631 2183 876 2249 functo.
971 2181 1076 2249 Ob
1125 2183 1299 2272 quod
1351 2185 1546 2249 etiam
1596 2185 1756 2249 dicit
1804 2207 2079 2249 amens
2127 2182 2411 2249 Tundo
2459 2182 2785 2270 chelyn:

633 2291 770 2354 sine
815 2299 1034 2355 mente
1085 2300 1150 2354 et
1197 2291 1535 2378 proposito
1585 2291 1719 2356 ullo
1766 2291 2077 2378 digitos
2120 2291 2487 2376 infringo
2531 2289 2788 2354 citha-

631 2420 794 2480 rae,
845 2408 916 2462 ut
946 2395 1235 2485 loquitur
1264 2396 1502 2463 Achill.
1536 2397 1590 2461 I.
1628 2397 1777 2462 575.
1810 2397 2193 2484 Propertius
2226 2395 2315 2462 lll.
2356 2396 2465 2460 15:
2515 2395 2785 2484 Cybebe

631 2502 956 2569 Tundet
1029 2503 1113 2567 ad
1171 2503 1410 2568 Idaeos
1482 2502 1816 2593 cymbala,
1853 2525 2055 2567 rauca
2115 2503 2413 2584 choros“‚
2478 2523 2559 2566 ea
2631 2503 2787 2566 satis

631 2611 854 2674 mirari
901 2632 1156 2697 nequeo
1191 2610 1548 2676 Duebnero
1583 2633 1714 2675 non
1744 2607 2176 2696 probabiliter
2204 2608 2432 2691 modo,
2468 2608 2584 2672 sed
2630 2629 2785 2674 vere

633 2715 975 2803 disputata
1033 2716 1176 2780 visa
1237 2739 1396 2783 csse.
1491 2717 1705 2782 Narra
1772 2713 1964 2781 mihi:
2037 2716 2189 2803 quia
2258 2713 2434 2802 apud
2506 2714 2784 2801 optimos

632 2830 864 2911 poetas
931 2820 1172 2908 legitur
1249 2832 1316 2889 et
1382 2825 1793 2888 incertum
1862 2832 1929 2886 et
2005 2832 2310 2886 certum
2356 2818 2783 2908 ‘vigilare‚

633 2927 867 2993 ideone
916 2929 1336 2994 statuendum
1379 2929 1503 2992 fuit
1549 2939 1614 2993 et
1660 2930 2068 2993 incertum
2116 2949 2398 2993 errare
2442 2936 2621 2992 recte
2655 2926 2784 2991 dici

635 3045 702 3100 et
745 3055 926 3116 ver0,
977 3036 1031 3099 si
1079 3034 1203 3099 diis
1250 3034 1486 3122 placet,
1538 3043 1838 3100 certum
1886 3033 2225 3101 errare?
2273 3056 2349 3098 ac
2396 3034 2549 3121 quia
2595 3042 2787 3120 tym-

632 3163 838 3229 pana
882 3163 1055 3205 nunc
1101 3143 1475 3228 proceris
1531 3141 1918 3207 manibus·
1951 3140 2267 3228 plangi,
2328 3163 2498 3206 nunc
2543 3141 2787 3206 teneris

636 3245 921 3334 digitis
953 3247 1174 3335 quati
1219 3248 1301 3313 ab
1337 3249 1598 3335 optimis
1642 3249 1857 3336 poetis
1890 3248 2262 3314 scribuntur
2296 3245 2517 3336 (Voss.
2546 3245 2783 3313 Catuli.

635 3376 698 3440 p.
751 3352 898 3417 225.
993 3352 1318 3419 Schwarz.
1367 3353 1554 3418 Misc.
1607 3353 1746 3419 Pol.
1793 3354 1991 3420 Hum.
2040 3377 2183 3442 cap.
2222 3352 2311 3418 lll.
2344 3377 2408 3441 p.
2444 3351 2688 3419 86.1V.
2722 3376 2785 3440 p.

642 3459 768 3524 114
826 3459 972 3548 sq.),
1037 3459 1275 3525 ideone
1333 3459 1683 3549 (nimirum
1742 3459 1893 3527 licet
1951 3483 2072 3548 per
2127 3460 2505 3526 Ennodium
2568 3459 2785 3524 Gai-m.

638 3567 694 3630 1.
730 3566 771 3629 2
801 3588 865 3653 p.
902 3567 1028 3632 311
1065 3566 1168 3632 A.:
1204 3566 1345 3632 Ceu
1374 3567 1682 3633 Phoebus
1713 3568 1928 3632 mittat
1969 3577 2381 3655 tympana,
2428 3565 2783 3655 plectra,

635 3671 914 3759 lyram.“
960 3671 1000 3736 6
1046 3696 1110 3760 p.
1167 3673 1318 3738 317.
1377 3672 1492 3739 A.:
1554 3671 1796 3738 Dulcia
1850 3673 2224 3760 compositis
2284 3673 2569 3760 quatiam
2634 3681 2788 3735 tunc

638 3785 968 3867 tympan'
990 3803 1030 3844 a
1095 3779 1526 3868 chordis‘·‘)
1597 3780 1869 3845 rationis
1944 3789 2042 3845 est
2113 3779 2395 3846 Statium
2465 3785 2789 3844 amentem

637 3887 852 3951 facere
895 3887 1375 3952 errantibus
1418 3887 1716 3974 digitis
1748 3885 2049 3973 chelyn
2093 3883 2525 3951 tundentem?
2558 3883 2785 3972 Neque

531 3979 538 3984 ³
637 3994 778 4078 ipse
832 3991 937 4057 ille
985 3991 1365 4059 Marklandi
1435 3994 1795 4060 admirator
1839 3967 2254 4058 fiurmannus
2300 3991 2495 4078 Prop.
2546 3988 2635 4056 lu.
2688 3989 2790 4071 15,

639 4099 834 4184 331).
885 4097 1014 4160 655
1061 4121 1191 4163 non
1239 4100 1404 4164 vidit
1450 4099 1846 4182 „tundere
1894 4097 2179 4185 chelyn
2226 4119 2358 4162 non
2405 4119 2614 4184 aeque
2662 4095 2792 4160 dici

640 4225 718 4269 ac
763 4203 1107 4268 tundere
1156 4205 1611 4292 cymbala;“
1662 4214 2041 4294 oportuerat
2102 4204 2273 4267 enim
2328 4205 2484 4291 poni
2544 4200 2791 4266 tendo

641 4310 848 4376 Theb.
901 4309 954 4373 Ι.
1006 4310 1112 4374 22.
1161 4310 1311 4374 Vlll.
1361 4311 1510 4376 374.
1608 4310 1948 4376 Claudian.
1999 4311 2304 4375 Mamert.
2360 4332 2424 4397 p.
2488 4309 2635 4374 775.
2685 4307 2788 4390 A„

641 4438 726 4480 ne
773 4416 1100 4504 proferam
1150 4439 1442 4504 quasso
1502 4418 1582 4481 cf.
1632 4415 1868 4482 Achill.
1917 4415 2007 4482 ΙΙ.
2056 4416 2208 4480 444.
2272 4415 2507 4484 Avien.
2556 4414 2785 4479 Descr.
