3234 4967
1302 393 1591 457 Conject.
1633 391 1732 444 111.
2490 389 2587 438 167

443 565 751 634 „jaculum)
787 568 911 619 Mss.
942 566 1141 631 jaculo.
1191 566 1256 615 in
1291 562 1572 627 hersen)
1608 563 1911 612 inertem:
1947 562 2002 611 in
2037 562 2320 623 hostem,
2357 576 2460 626 qua
2484 560 2589 609 dic-

443 655 581 704 tione
608 660 869 719 expuncta
892 654 1134 718 scriptum
1160 651 1389 716 superius
1415 655 1638 709 ortem,
1677 655 1734 697 ut
1767 648 1912 697 fieret
1948 648 2008 695 in
2025 652 2162 695 erte
2177 645 2256 694 m“
2305 644 2592 706 Queckius·

446 754 571 802 que:
612 736 787 803 „Cass.
818 738 1004 801 jaculo
1024 764 1087 774 —
1108 738 1407 794 inertem3
1444 734 1579 783 idem
1613 732 1755 799 Lips.
1786 733 2012 781 secunda
2035 729 2218 781 manu“
2258 745 2426 797 neque
2451 730 2593 779 aliud

444 825 660 890 praebet
694 824 1047 887 Monacensisz
1106 822 1325 885 „jaculo
1362 820 1636 881 detorquet
1679 818 1784 867 ins
1801 816 2004 867 rtem.“
2081 816 2316 877 Quocum
2361 815 2448 880 qui
2489 809 2594 863 hoc

446 910 737 973 discrepant
764 906 1201 958 Schcftlariensisz
1220 905 1479 969 jaculum
1501 930 1561 939 —-
1588 905 1729 953 incr
1745 912 1802 952 te
1817 918 1863 950 m
1879 938 1892 959 ‚
1916 902 2251 965 Frisingensis
2307 902 2452 965 „jaon
2467 900 2484 948 l
2499 916 2528 948 u
2544 915 2592 947 m

447 1021 509 1029 —
552 995 805 1043 incrcem
822 990 865 1053 ,“
907 992 1116 1056 propius
1152 992 1339 1040 absunt
1375 1005 1422 1037 a·
1440 987 1539 1037 fide
1577 1003 1751 1037 corum
1791 989 2048 1048 librorum,
2087 988 2151 1035 de
2178 1002 2392 1050 quorum
2419 992 2594 1035 aucto-

446 1080 595 1127 ritate
631 1078 895 1129 doctorum
931 1076 1193 1127 hominum
1230 1088 1507 1125 consensus
1539 1068 1793 1136 judicavit
1823 1073 1928 1122 hoc
1964 1086 2150 1121 nomen
2186 1087 2218 1121 a
2243 1069 2408 1120 Statio
2433 1068 2595 1118 fuisse

449 1164 834 1227 consignatum:

874 1306 923 1347 et
957 1298 1181 1362 aurigam
1212 1292 1463 1359 jaculum
1504 1297 1781 1359 detorquet
1815 1294 1865 1342 in
1904 1294 2177 1343 Hersen.

435 1436 602 1496 Quod
640 1436 803 1499 ipsum
840 1449 1023 1482 nomen
1060 1416 1166 1483 ῃεε
1192 1433 1298 1483 ullo
1336 1434 1666 1481 firmaverunt
1703 1430 1990 1479 testimonio
2029 1437 2080 1478 et
2115 1428 2237 1475 vitio
2275 1434 2447 1475 natum
2486 1442 2598 1477 esse

448 1521 565 1571 inde
601 1520 929 1584 perspicitur,
964 1520 1102 1581 quod
1145 1520 1226 1581 „in
1263 1518 1463 1567 duobus
1500 1516 1642 1566 libris
1668 1514 1972 1579 Harphen
2008 1514 2129 1577 legi,
2165 1514 2216 1561 in
2254 1514 2446 1576 optimo
2478 1515 2598 1561 Ar-

450 1604 549 1653 sen
598 1604 679 1653 vel
718 1603 957 1653 Affen“
999 1602 1237 1652 Barthius
1274 1603 1458 1652 attulit.
1530 1602 1712 1665 Itaque
1761 1614 1856 1665 pro
1896 1607 2037 1649 certo
2075 1598 2241 1647 habeo
2277 1598 2484 1661 aurigae
2525 1597 2601 1645 illi

452 1701 642 1739 nomen
679 1689 906 1738 additum
941 1687 1098 1738 fuisse
1134 1686 1421 1752 Harpyn:

884 1824 937 1865 et
972 1816 1199 1879 aurigam
1230 1814 1463 1877 jaculum
1502 1816 1772 1880 detorquet
1805 1813 1854 1861 in
1894 1813 2112 1877 Harpy
2128 1828 2176 1861 n.

454 1943 711 1993 Auctor-es
751 1944 816 1993 do
852 1941 1231 2008 Apollodorum
1266 1943 1310 1995 1.
1348 1944 1395 2003 9,
1434 1945 1495 1991 21
1536 1958 1585 2006 p.
1622 1943 1704 2003 27,
1743 1942 1839 1991 29:
1878 1938 1945 1995 εἰς
1981 1936 2033 1989 δὲ
2068 1935 2152 1988 τὸν
2177 1932 2357 2009 Τίγρην
2382 1936 2604 2005 πφαμόν

456 2026 712 2101 ἐμπίπτει,
758 2024 811 2083 ὅς
862 2028 948 2078 νῦν
993 2024 1078 2078 ἀπ’
1128 2026 1313 2094 ἐκείνης
1352 2020 1589 2096 (Ἀρπυς
1635 2022 1874 2078 καλεῖται.
1953 2026 2124 2091 Etym.
2161 2026 2236 2074 Μ.-
2273 2042 2321 2089 Ρ.
2363 2026 2476 2088 148,
2515 2027 2605 2076 33;

446 2108 679 2180 ’Ἅρπυς
716 2109 743 2162 ὁ
774 2106 959 2183 Ἔρως.
1032 2114 1173 2163 Mein
1225 2114 1380 2163 Anal.
1420 2113 1577 2164 Alex,
1614 2130 1666 2177 p.
1704 2112 1804 2161 266
1843 2127 1918 2175 sq.
1964 2109 2056 2173 (cf.
2095 2110 2202 2160 Sin.
2239 2108 2283 2160 Ι.
2319 2112 2367 2160 4.
2405 2127 2452 2175 p.
2495 2106 2606 2175 16).

457 2200 575 2249 add.
612 2198 775 2248 Drak.
814 2196 904 2248 Sil.
942 2199 1013 2250 11.
1053 2201 1148 2249 117
1187 2216 1236 2264 p.
1276 2201 1357 2248 72.

598 2282 923 2334 Conveniens
959 2285 1113 2347 igitur
1148 2285 1360 2349 aurigae
1398 2284 1497 2333 hoc
1540 2295 1757 2344 nomem
1805 2290 1857 2331 at
1882 2274 2304 2345 indignissimum
2336 2278 2606 2330 Heliconio

456 2370 568 2419 viro
604 2370 714 2435 illo,
753 2370 892 2434 quod
929 2368 1081 2418 VIII.
1120 2358 1221 2420 549
1256 2370 1584 2420 inveteravit:

768 2496 1070 2562 Sumpserat
1100 2497 1155 2545 in
1189 2498 1401 2547 Danaos
1436 2497 1740 2547 Heliconius
1779 2511 1918 2545 arma
1954 2495 1996 2545 C
2009 2510 2039 2545 o
2052 2511 2076 2543 r
2086 2511 2117 2546 o
2129 2509 2156 2544 e
2169 2494 2200 2543 b
2213 2511 2246 2544 u
2259 2510 2282 2543 s

760 2580 906 2631 Ante
941 2596 1111 2632 comes
1146 2582 1325 2633 Musis.

459 2710 665 2771 Quanto
702 2709 868 2773 aptius
904 2724 966 2757 ac
1000 2708 1199 2759 felicius
1235 2709 1379 2771 illud,
1418 2711 1556 2772 quod
1593 2718 1644 2758 et
1680 2726 1711 2758 a
1734 2700 2115 2774 Lind'enbrogio
2142 2714 2400 2759 enotatum
2439 2716 2518 2759 est
2554 2716 2606 2758 et

384 2848 387 2851 ,
457 2796 510 2843 in
544 2795 777 2845 Parisino
814 2794 971 2843 altero
1010 2801 1059 2843 et
1096 2792 1397 2844 Cassellano
1434 2795 1642 2858 legitur:
1692 2795 2034 2860 Corymbus
2071 2804 2124 2844 et
2159 2810 2191 2843 a
2225 2795 2372 2842 nobis
2409 2794 2461 2842 in
2497 2793 2605 2841 Fri-

457 2881 682 2943 singensi
727 2890 779 2929 ct
825 2879 1128 2929 Monacensi
1162 2877 1517 2942 (Corimbus)
1566 2895 1625 2928 ac
1672 2878 2055 2929 Scheftlariensi
2091 2878 2507 2943 (Chorimbus‚
2555 2886 2610 2927 ut

458 2964 555 3017 IX.
595 2966 693 3016 745
730 2963 1106 3015 Choroebum
1143 2965 1345 3029 penitus
1380 2964 1564 3014 insedit
1598 2978 1696 3029 pro
1733 2964 2085 3025 Coroebum,
2124 2965 2263 3027 quod
2300 2971 2376 3014 est
2410 2965 2464 3012 in
2499 2962 2608 3011 Fri-

359 3048 363 3053 ’
460 3050 688 3114 singensi
726 3046 791 3099 cf.
830 3048 1120 3099 Cerebnm
1154 3046 1396 3111 Scheftl.)
1432 3057 1689 3114 repertum
1726 3058 1826 3101 est:

767 3176 1064 3241 Sumpserat
1096 3176 1151 3225 in
1185 3176 1399 3227 Danaos
1433 3175 1742 3229 Heliconius
1779 3192 1922 3228 arma
1955 3174 1998 3227 C
2009 3193 2042 3227 o
2055 3193 2123 3243 ry
2137 3193 2186 3226 m
2196 3177 2229 3227 b
2241 3193 2274 3227 u
2285 3192 2326 3228 s.

465 3304 622 3367 Quod
662 3312 715 3355 et
750 3304 912 3355 simile
947 3312 1024 3355 est
1058 3305 1333 3355 notissimis
1368 3305 1486 3365 illis,
1523 3321 1587 3355 ne
1625 3305 1775 3371 plura
1809 3306 2034 3372 afferam,
2071 3297 2282 3365 Κίσσος,
2318 3297 2526 3373 Κάρπος
2565 3314 2615 3357 et

465 3399 607 3442 extat
642 3394 695 3442 in
732 3391 888 3456 Corp.
923 3391 1086 3442 Inscr.
1114 3389 1203 3441 Gr.
1230 3392 1270 3441 Ι.
1309 3407 1358 3456 p.
1380 3392 1496 3442 391.
1525 3392 1642 3453 394,
1679 3392 1742 3441 de
1780 3391 1963 3456 quibus
1998 3392 2128 3443 locis
2167 3407 2271 3441 non
2307 3406 2613 3441 commemo-

464 3478 599 3527 ravit
634 3476 927 3527 Lobeckins
964 3476 1113 3526 Path.
1136 3472 1234 3527 VI.
1272 3478 1373 3542 3p.
1393 3478 1491 3528 298
1530 3478 1594 3527 cf.
1634 3477 1802 3527 Noun.
1839 3477 2100 3530 XXVIII.
2137 3480 2227 3529 51:
2265 3471 2515 3545 Δηριάδην
2549 3503 2614 3513 -

468 3559 667 3634 ἐκίχησε
702 3554 1147 3629 Κορὺμβασος.
1219 3563 1349 3613 Lob.
1386 3564 1421 3613 l.
1460 3564 1509 3613 d.
1545 3562 1642 3615 IX.
1683 3566 1727 3623 1,
1767 3565 1793 3613 1
1832 3579 1879 3628 p.
1906 3566 2024 3615 405.

604 3648 713 3699 Nec
748 3649 875 3700 fides
915 3656 1117 3699 constat
1153 3649 1234 3698 isti
1271 3649 1478 3710 nomini,
1515 3650 1654 3713 quod
1690 3649 1922 3699 omnibus
1958 3650 2128 3714 placet
2160 3650 2228 3701 X.
2267 3652 2392 3703 314:

1327 3768 1503 3833 Tagus
1539 3768 1712 3818 haurit
1745 3768 1791 3817 E
1805 3768 1867 3817 th
1883 3784 1908 3818 e
1922 3769 2005 3818 cli

879 3852 1050 3917 Terga
1086 3855 1336 3915 coronati,

468 3972 554 4024 nbi
596 3979 697 4037 „et
731 3974 922 4023 hoedi
957 3984 1104 4038 turpe
1142 3974 1393 4023 mendum.
1431 3998 1497 4009 ——
1534 3972 1950 4037 Lindenbrogius
1990 3988 2058 4045 ex
2093 3973 2196 4023 suis
2227 3974 2369 4025 libris
2393 3975 2619 4040 promul-

468 4059 608 4123 gavit
642 4059 899 4109 Ethecli
954 4056 1117 4123 [quod
1167 4059 1335 4123 ipsum
1392 4069 1445 4109 et
1479 4060 1529 4109 in
1587 4059 1846 4123 codicibus
1900 4059 2191 4110 melioribus
2245 4074 2356 4109 esse
2411 4068 2624 4111 testatur

469 4145 776 4195 Duebnerus
813 4151 866 4193 et
899 4145 953 4193 in
988 4144 1205 4209 Frising.
1244 4144 1454 4193 Monac.
1494 4138 1711 4197 Scheftl.
1752 4160 1842 4194 nos
1878 4142 2202 4208 reperimus].
2274 4145 2336 4194 In
2373 4146 2472 4196 Ms.
2511 4146 2624 4195 aliis

470 4228 567 4279 snit
602 4229 869 4291 Ethedi‚
908 4236 964 4279 ut
1000 4225 1136 4279 idem
1176 4237 1225 4278 et
1264 4229 1509 4278 Behotius
1544 4237 1738 4280 notant.
1810 4228 1870 4277 In
1909 4230 2105 4294 optimo
2144 4232 2379 4280 codicum
2415 4216 2622 4281 docili

471 4320 735 4364 exaratum
776 4312 1110 4365 offendimus“
1154 4314 1333 4367 Barth.
1370 4331 1420 4379 Ρ.
1450 4315 1599 4365 1169.
1657 4314 1873 4364 Omnem
1910 4315 2199 4380 ambigendi
2244 4331 2446 4365 causam
2470 4330 2622 4380 prae-

473 4400 596 4451 cidit
632 4401 807 4451 eadem
831 4400 1078 4451 librorum
1105 4400 1150 4450 O
1168 4401 1286 4451 vid.
1312 4399 1441 4467 Met.
1460 4399 1585 4451 XII.
1604 4401 1707 4451 450
1745 4401 2111 4465 discrepantia:
2150 4401 2310 4451 Marc.
2336 4400 2624 4451 Echecli.
