3234 4967
1326 308 1555 409 ianm.
1595 354 1678 406 74.
2453 351 2578 418 119

422 558 584 625 Seu
629 578 881 641 verum.
929 558 1119 625 Voss.
1184 580 1330 623 ceu
1386 559 1468 625 cf.
1524 559 1635 627 Pr.
1697 560 1894 626 Cous.
1951 560 2022 625 11.
2085 562 2170 625 69
2241 570 2572 629 secretus.

411 662 597 749 vulg.
648 686 795 729 ceu
840 685 1091 730 cernas.
1181 663 1413 729 Barth.
1460 665 1668 731 Theb.
1715 666 1797 732 V.
1844 664 1886 730 5
1934 689 1998 754 p.
2049 667 2109 731 7.
2154 664 2375 733 Hand.
2416 668 2575 734 Tur·

426 769 563 835 sell.
608 770 701 837 11.
746 792 814 858 p.
860 769 999 859 49).
1072 771 1221 853 Quo
1282 772 1425 858 ipso
1473 781 1858 858 argumento
1907 781 1974 837 et
2018 772 2260 839 indicio
2307 774 2574 841 videtur

427 877 791 943 certissimo
862 875 1267 964 deprehendi
1334 885 1531 965 atque
1590 878 1730 943 erui
1786 878 2058 944 verbum
2111 902 2155 943 n
2174 901 2211 943 o
2230 902 2400 945 sses
2457 879 2571 969 (cf.

427 983 649 1051 adnot.
729 1005 789 1049 v.
877 968 987 1047 19'
1036 1006 1101 1071 p.
1182 982 1321 1067 36),
1392 984 1576 1072 cujus
1647 1006 1766 1071 per
1837 984 2321 1051 similitudinem
2390 988 2573 1051 vocis

425 1099 709 1157 nostra
754 1086 1165 1155 oblitteratae
1214 1098 1281 1153 et
1364 1087 1647 1155 abolitae
1715 1091 1990 1177 insignis
2061 1092 2316 1179 species
2386 1091 2570 1158 velut

427 1196 821 1282 contagione
874 1194 1169 1283 ‚quadam
1244 1196 1493 1263 formae
1563 1208 1858 1263 remanet
1931 1218 2135 1285 penes
2203 1199 2573 1285 proximum

427 1301 604 1369 istud
648 1301 965 1367 rideres.
1014 1301 1193 1384 Quid
1225 1302 1398 1367 enim
1447 1313 1512 1367 et
1558 1305 1774 1390 aptius
1821 1313 1888 1370 et
1917 1304 2126 1389 magis
2157 1305 2574 1392 perspicuum

426 1409 657 1475 harum
704 1409 1172 1475 sententiarum
1220 1410 1421 1475 serie:

1112 1548 1514 1619 libertatemque
1552 1548 1652 1602 sub
1689 1549 1823 1617 ipsis

636 1634 899 1689 Uberibus
915 1634 1047 1702 stibi.
1083 1650 1264 1704 parve,
1302 1634 1445 1698 dedi,
1482 1652 1596 1689 ceu
1637 1650 1856 1689 munera
1893 1650 2154 1688 nosses.

636 1720 911 1775 Ridebas
948 1722 1261 1789 ingratus
1301 1721 1503 1787 adhuo;
1540 1723 1974 1791 properaverit
2011 1719 2116 1781 ine.

644 1806 749 1860 Sed
789 1808 977 1860 merito
1014 1806 1334 1877 properabat
1372 1823 1537 1859 amor.

434 1929 621 2012 Quae
670 1926 985 1993 orationis
1032 1924 1385 1991 similitudo
1434 1926 1723 1991 cernitur
1769 1923 1924 1991 Silv.
1983 1924 2101 1989 ΠΙ.
2155 1925 2213 2009 1,
2263 1926 2336 1989 6:
2395 1935 2581 1991 tenes

431 2073 520 2085 --
582 2033 885 2101 Culmina
942 2054 1089 2097 ceu
1157 2032 1367 2101 taedis
1424 2034 1664 2099 iterum
1718 2031 2030 2098 lustratus
2088 2032 2344 2097 honesti
2397 2032 2580 2118 Ignis

433 2140 517 2207 ab
566 2139 823 2206 Oetaea
868 2138 1325 2207 conscenderis
1374 2138 1646 2204 aethera
1691 2137 1971 2203 flamma.
2034 2136 2240 2204 Theb.
2291 2137 2370 2203 ΙΙ.
2417 2138 2579 2204 477:

432 2244 809 2313 infrendens
868 2246 1017 2332 ipsi,
1072 2267 1218 2311 ceu
1264 2266 1473 2330 regna
1516 2253 1858 2330 negentur.
1906 2244 2023 2308 IV.
2077 2244 2232 2310 737:
2279 2266 2401 2309 nec
2432 2265 2582 2331 spes

432 2352 759 2419 humentis
822 2350 1119 2438 Olympi,
1180 2350 1349 2418 Ceu
1416 2350 1654 2417 flavam
1722 2348 1980 2436 Libyen
2025 2388 2113 2397 ——
2160 2349 2578 2417 Collustrent.

431 2460 543 2525 ΙΙΙ.
597 2460 745 2525 122.
790 2456 1027 2524 Achill.
1074 2459 1152 2524 Π.
1204 2458 1317 2523 71:
1366 2466 1666 2545 totosque
1714 2467 2015 2545 penateS,
2067 2456 2234 2522 Ceu
2288 2456 2577 2539 miretur,

434 2564 603 2631 adit
650 2564 796 2654 (ubi
840 2565 1119 2631 fortasse
1168 2563 1403 2653 aliquis
1459 2564 1821 2647 dubitabit,
1891 2586 1974 2629 an
2044 2563 2238 2629 scribi
2296 2572 2584 2651 praestet

436 2679 653 2736 amat
709 2669 779 2735 id
842 2679 941 2736 est
1000 2671 1093 2735 ita
1140 2680 1379 2762 servat,
1428 2680 1501 2736 ut
1534 2671 1720 2759 quasi
1766 2669 2211 2753 adhaerescat,
2257 2678 2332 2735 ut
2376 2670 2584 2737 Theb.

434 2777 553 2843 IX.
608 2775 766 2847 1142
814 2775 1071 2863 Corpus
1119 2786 1347 2843 amat.
1399 2776 1585 2843 codd.
1648 2775 1912 2843 Duebn.
1972 2801 2036 2865 p.
2085 2777 2218 2842 324
2265 2775 2452 2841 adit.
2501 2776 2582 2842 cf.

434 2880 673 2947 Achill.
718 2882 775 2947 Ι.
847 2882 999 2947 216.
1063 2881 1267 2948 Gron.
1324 2882 1478 2949 Sen.
1537 2882 1807 2970 Thyest.
1857 2883 1943 2948 82
1989 2906 2052 2970 p.
2104 2883 2251 2948 107.
2318 2882 2582 2949 Mitsch.

434 2988 599 3055 Hor.
649 2986 868 3054 Carm.
915 2987 971 3055 I.
1020 2988 1127 3071 25,
1177 2990 1217 3053 3
1276 3011 1340 3075 p.
1402 2987 1563 3077 241)
1625 2998 1693 3054 et
1753 2990 1906 3055 296.
2021 2986 2362 3055 Claudian.
2431 2989 2580 3057 Rus.

437 3094 529 3160 II.
578 3092 730 3160 346.
778 3092 998 3159 Hand.
1049 3092 1325 3161 Tursell.
1373 3093 1465 3158 II.
1512 3118 1575 3181 p.
1624 3093 1733 3158 48.
1837 3094 1935 3163 Re
1990 3094 2192 3179 igitur
2247 3094 2582 3181 praeclare

441 3220 587 3265 cum
644 3199 855 3265 Statio
917 3200 1202 3265 concinit
1247 3198 1567 3265 Martialis
1612 3200 1725 3264 VI.
1774 3200 1880 3281 29,
1929 3201 2003 3265 2:
2054 3199 2300 3265 domini
2346 3200 2584 3286 dignus

442 3326 659 3370 amore
706 3326 901 3393 puer,
963 3305 1302 3370 Munera
1371 3328 1517 3369 cum
1566 3315 1791 3392 posset
1860 3305 2209 3371 nondum
2280 3307 2583 3371 sentire

441 3412 720 3498 patroni,
772 3410 1051 3477 Glaucia
1097 3410 1455 3477 libertus
1506 3413 1648 3500 jam
1708 3410 1999 3477 Melioris
2057 3421 2227 3477 erat:
2289 3412 2585 3480 Moribus

436 3516 563 3583 hoc
596 3518 975 3607 formaeque
1009 3517 1299 3601 datum,“
1348 3540 1475 3605 quo
1524 3517 1828 3605 exemplo
1875 3519 1969 3583 uti
2015 3518 2102 3584 ad
2145 3518 2587 3606 Rehdigerani

435 3623 588 3690 libri
629 3625 1015 3691 memoriam
1074 3624 1169 3688 sic
1218 3623 1736 3689 reformanda-m:
1786 3647 1958 3691 cum
2004 3646 2276 3691 munera
2305 3637 2586 3693 nostra

434 3730 641 3823 Ride
660 3753 793 3797 res
838 3732 1140 3818 ingratus
1188 3729 1447 3796 adhuc“
1516 3731 1623 3796 vel
1681 3730 1926 3798 idcirco
1988 3729 2178 3815 nolo,
2251 3732 2427 3819 quod
2475 3732 2586 3818 qui

340 3907 345 3913 ,
435 3858 665 3903 vocem
712 3858 890 3903 cum
936 3858 1085 3903 cum
1129 3858 1293 3902 voce
1341 3858 1489 3901 eeu
1538 3846 1926 3921 commutet,
1976 3838 2221 3903 rectius
2267 3848 2336 3902 et
2382 3837 2586 3903 tutius

434 3944 652 4010 facere
712 3942 976 4009 videtur
1038 3942 1259 4031 (Valg.
1323 3966 1387 4030 p.
1435 3942 1619 4030 407),
1693 3966 1888 4031 quam
1957 3946 2069 4031 qui
2139 3965 2366 4010 vocem
2438 3964 2586 4009 ceu

439 4048 677 4115 cedere
712 4048 947 4137 jubeat
992 4049 1140 4115 voci
1187 4070 1381 4113 cum.

612 4155 941 4221 Restituta
988 4165 1205 4221 autem
1252 4164 1319 4221 et
1374 4155 1728 4222 verborum
1783 4154 2160 4241 integritate
2219 4162 2288 4219 et
2335 4161 2587 4219 senten·

441 4262 681 4327 tiarum
716 4262 883 4327 serie
916 4260 1039 4327 hoc
1073 4269 1351 4350 apparet
1381 4259 1778 4327 laudandum
1825 4282 1966 4327 esse
2001 4260 2428 4343 Gronovium,
2477 4260 2587 4347 qui

434 4375 689 4455 partem
737 4368 878 4434 veri
906 4367 1150 4433 viderit
1193 4367 1405 4433 Diatr.
1452 4390 1517 4455 p.
1552 4350 1727 4432 '3462
1775 4366 2266 4450 „scribendumt
2313 4352 2586 4433 munera
