3234 4967
1188 456 1195 462 ·
1247 382 1526 447 Conject.
1561 382 1715 433 xlx.
2436 383 2558 434 ‚2612

413 551 480 603 cs.
521 554 620 605 258
653 552 898 603 scindent
919 568 998 607 es.
1069 554 1210 607 Τήν.
1265 553 1682 605 scindentibus.
1747 554 1996 605 Marcisn.
2048 550 2177 620 Cep.
2212 552 2256 603 1.
2292 556 2360 613 10
2400 570 2453 620 p.
2487 554 2553 607 37

410 636 691 701 vittisque
744 637 1038 689 semivulsis.
1097 638 1164 689 el.
1225 638 1490 691 vitibus.
1584 638 1657 689 Ut
1708 651 1815 689 non
1871 639 2152 689 dubitemus
2200 640 2331 691 hacc
2386 639 2553 691 Statio

409 722 654 773 reddere:
1858 735 1861 741 “

1008 840 1199 890 celsum
1237 842 1367 892 creb
1381 842 1435 891 ri
1472 858 1498 891 e
1515 842 1564 891 ri
1579 842 1699 891 etis
1731 842 1887 892 ictib
1901 858 1969 893 us
2006 842 2143 893 urbis

720 924 976 976 Inclinato
1010 926 1158 976 latus.

413 1061 492 1113 Ut
527 1068 604 1112 est
637 1060 733 1113 IX.
770 1063 899 1115 353:
933 1062 1200 1113 verbere
1235 1078 1298 1112 cr
1315 1061 1469 1114 ebro
1505 1088 1569 1111 -ε-
1608 1056 1758 1113 scidit
1790 1062 2002 1111 horrida
2036 1062 2261 1115 πείθοι’*
2320 1070 2371 1113 et
2402 1065 2459 1115 iu
2492 1065 2556 1115 iis

411 1147 562 1207 locis,
597 1161 724 1213 quos
761 1148 906 1197 addit
937 1128 1282 1197 Maria-sudus
1319 1144 1446 1199 silv.
1488 1148 1531 1197 1.
1573 1149 1621 1207 1,
1659 1148 1723 1197 68
1760 1162 1809 1211 p.
1848 1148 1965 1209 167,
2013 1154 2065 1197 et
2095 1148 2165 1197 X.
2207 1149 2331 1199 742:
2390 1155 2555 1199 turres

412 1233 557 1283 saxis
595 1240 648 1281 et
681 1232 947 1282 turbine
985 1232 1222 1281 crebro
1259 1229 1471 1285 Laxat.“
1547 1231 1695 1295 Virg.
1722 1230 1857 1281 Aen.
1893 1230 1963 1280 Π.
2000 1233 2133 1283 4923
2166 1232 2307 1281 lebat
2342 1232 2557 1283 ariete

411 1318 651 1367 crebro
687 1312 904 1367 Jenuu.“
979 1317 1106 1367 6273
1141 1316 1505 1378 crebrisque
1539 1316 1931 1380 bipennibus
1966 1317 2163 1365 instant
2195 1315 2423 1367 Eruere“
2466 1314 2553 1381 (cf.

413 1402 483 1455 V.
520 1404 649 1453 459:
687 1402 857 1451 densis
889 1400 1136 1449 ictibus
1172 1396 1329 1451 beros
1367 1399 1532 1450 Creb
1547 1404 1580 1449 e·
1588 1415 1613 1447 r
1649 1408 1866 1464 utraque
1903 1416 2055 1451 manu
2091 1399 2293 1464 puisat.⁸
2351 1409 2401 1450 et
2434 1401 2553 1455 val.

409 1486 588 1553 Elacc.
623 1484 720 1539 IV.
759 1486 902 1547 306),
938 1485 1076 1533 unde
1113 1484 1369 1555 Corippus
1395 1483 1530 1536 Just.
1556 1483 1655 1535 IV.
1684 1486 1775 1535 223
1812 1485 2181 1547 crebrisque
2218 1486 2557 1536 securibus

411 1572 591 1621 ictus
628 1568 1032 1633 Congeminant“
1074 1568 1136 1619 cf.
1173 1570 1264 1620 383
1309 1568 1562 1618 crebris
1601 1569 1737 1619 cadit
1770 1569 2014 1619 ictibus
2048 1570 2211 1619 ardus
2243 1570 2445 1635 pinus“,
2506 1581 2557 1622 et

413 1654 508 1709 Sil.
545 1654 614 1705 V.
665 1656 791 1705 502:
849 1653 1042 1717 gemuit
1099 1654 1350 1703 crebris
1399 1654 1735 1711 succumbens
1788 1653 2029 1703 ictibus
2082 1652 2261 1705 erbos“
2328 1654 2393 1707 ci.
2430 1652 2555 1707 VII.

410 1742 532 1794 625.
603 1740 796 1791 Lucan.
834 1738 928 1789 VI.
967 1739 1064 1789 192
1136 1736 1370 1803 (Gualtb.
1406 1738 1564 1787 Alex.
1602 1737 1671 1785 V.
1710 1738 1847 1801 499).
1920 1739 2043 1789 Hor.
2083 1738 2253 1795 Germ.
2306 1740 2353 1791 1.-
2390 1744 2471 1802 25,
2508 1744 2555 1793 2.

410 1825 540 1877 Stet.
603 1824 697 1875 IX.
759 1825 881 1875 555:
954 1824 1132 1873 Turris
1181 1850 1243 1859 -
1297 1824 1589 1875 innumeros
1648 1824 1850 1887 penitus
1914 1832 2157 1887 quassata
2215 1840 2307 1890 per
2364 1826 2497 1876 ictu
2512 1844 2553 1881 s.

409 1912 682 1976 Mythogr.
715 1910 759 1959 Ι.
797 1911 898 1961 154
933 1925 983 1973 p.
1017 1909 1100 1969 49,
1137 1911 1220 1959 32.
1291 1907 1352 1957 ΙΙ.
1395 1911 1492 1958 108
1529 1924 1580 1971 p.
1621 1910 1734 1969 112,
1776 1910 1819 1959 1.
1890 1908 1989 1959 111.
2028 1912 2075 1970 6,
2113 1912 2176 1961 25
2222 1926 2271 1975 p.
2314 1913 2427 1972 189,
2466 1914 2557 1962 21:

411 1992 656 2047 Caeneus
691 1996 938 2045 crebris
975 1995 1220 2044 ictibus
1259 1994 1469 2043 fustium
1504 1993 1753 2057 paulatim
1786 1994 1837 2041 in
1874 1999 2011 2043 terra
2044 1995 2177 2045 fixus
2214 1995 2317 2045 est“
2358 1996 2557 2060 (Amm-

417 2080 590 2131 Μαῖα.
623 2078 744 2129 XV.
784 2080 832 2139 5,
866 2079 931 2128 >31
972 2078 1196 2137 densis
1231 2078 1520 2141 gladiorum
1555 2073 1756 2127 ictibus.
1828 2077 1979 2129 XVI.
2020 2082 2099 2139 12,
2138 2080 2246 2143 54.)
2307 2088 2361 2129 et
2416 2082 2557 2145 quod

413 2166 481 2214 nd
517 2159 674 2215 Statii
707 2163 1099 2213 similitudinem
1123 2162 1332 2227 propius
1371 2162 1588 2223 accedit,
1628 2162 1751 2214 Seu.
1774 2163 1900 2215 Tre.
1924 2164 2019 2215 923
2053 2162 2223 2215 Vacat
2247 2166 2311 2214 ad
2350 2166 2556 2216 crebri

411 2246 687 2301 verbere.
719 2249 1026 2312 planctus
1059 2247 1364 2299 Furibunda
1399 2244 1625 2299 manns.“

1346 2714 1614 2804 XIX.

550 2925 686 2979 Satis
721 2928 775 2979 in
811 2942 922 2977 eam
972 2932 1172 2993 partem
1227 2930 1508 2993 quaesitum
1562 2930 1789 2993 videtur,
1852 2932 1907 2981 in
1942 2946 2044 2995 qua
2078 2946 2144 2983 ue
2180 2948 2316 2993 nunc
2350 2936 2557 2999 quidem

415 3014 616 3075 desunt,
655 3012 744 3077 qui
779 3010 1050 3064 Schraderi
1087 3014 1306 3077 alicujus
1340 3014 1593 3079 vituperio
1630 3015 1773 3079 digni
1807 3017 1910 3068 sint
1944 3017 2031 3067 vel
2064 3019 2381 3081 gravissimo.
2448 3019 2555 3069 De-

415 3098 576 3149 sinsm
627 3098 781 3162 igitur
831 3096 890 3146 iu
941 3112 1004 3148 eo
1057 3112 1265 3163 genere,
1319 3099 1374 3147 in
1411 3114 1513 3164 quo
1551 3114 1760 3151 versans
1796 3101 1947 3151 simul
1983 3099 2149 3152 Statio
2188 3108 2253 3153 vet
2285 3102 2557 3153 Lactantio

413 3182 682 3231 subvenire
717 3190 770 3231 et
806 3182 1050 3249 opitulari
1085 3183 1274 3233 videar.
1350 3184 1455 3249 Ajo
1493 3186 1626 3235 enim
1652 3186 1855 3250 insigne
1880 3188 2056 3237 vitium
2080 3188 2281 3253 penitus
2303 3188 2557 3241 insedisse

413 3266 468 3315 iu
503 3265 787 3317 Thebaidis
823 3280 974 3317 versu
1006 3266 1106 3318 IV.
1141 3269 1270 3320 4823

1428 3393 1490 3437 tu
1522 3402 1704 3454 separe
1740 3397 1891 3441 coetu

891 3466 1112 3534 Elysios,
1149 3470 1344 3533 Persei,
1381 3474 1493 3538 pios
1529 3474 1776 3539 virgaque
1813 3476 2014 3539 potenti

885 3552 1106 3605 Nubilus
1141 3554 1310 3607 Arcas
1343 3566 1476 3622 aget.

416 3689 564 3750 Quae
599 3689 755 3739 verbe
791 3689 928 3739 docti
963 3690 1200 3743 homines
1237 3694 1453 3745 mirifico
1508 3702 1721 3748 tuentur
1757 3711 2030 3758 consensu,
2088 3700 2183 3751 nisi
2237 3701 2377 3774 quod
2412 3698 2558 3751 alt-eri

409 3772 702 3839 praeierunt
736 3774 958 3825 Perses
994 3772 1073 3839 (ut
1109 3772 1295 3829 Carrio
1333 3779 1456 3831 Val
1489 3780 1663 3831 Flccc.
1690 3780 1755 3836 V.
1794 3784 1859 3833 57
1896 3798 1945 3847 p.
1968 3781 2115 3847 412),
2151 3784 2299 3835 alteri
2336 3786 2557 3847 Persei,

412 3858 548 3923 quod
582 3858 747 3923 ipsum
785 3866 962 3910 extare
999 3862 1137 3925 apud
1173 3860 1420 3913 Senecam
1455 3865 1598 3917 Med.
1639 3868 1767 3917 814.
1827 3864 2001 3919 Causa
2034 3870 2269 3933 vocandi,
2306 3870 2559 3931 Persei,

410 3950 526 3994 tuoe
563 3944 782 4009 saepius
803 3959 971 4007 arcus,
1008 3960 1113 3995 nne
1148 3954 1307 4012 etque
1345 3951 1522 4001 eadem
1549 3936 1780 4017 Semper,
1814 3952 2013 4005 Jason“
2018 3989 2032 4015 ,
2069 3969 2217 4018 quem
2252 3969 2346 4004 nec
2380 3954 2555 4005 Ruhn-

409 4027 596 4081 kenius
632 4036 816 4082 testem
851 4030 990 4082 dedit
1023 4031 1208 4097 Hymn.
1249 4031 1363 4085 Cer.
1401 4037 1471 4086 24
1506 4052 1558 4101 p.
1595 4039 1627 4088 9
1662 4051 1739 4102 sq.
1794 4053 1893 4089 nec
1942 4038 2003 4088 L.
2040 4039 2342 4091 Dindorfius
2374 4037 2555 4105 steph

409 4114 566 4167 Thes.
604 4113 698 4166 VI.
752 4130 803 4180 p.
861 4117 1011 4169 1000.
1047 4117 1118 4167 D.
1173 4132 1270 4171 nec
1305 4120 1568 4171 Usenerus
1617 4121 1811 4174 Phiioi.
1864 4123 2074 4174 XXIII.
2101 4127 2141 4179 2
2196 4141 2243 4191 p.
2283 4126 2399 4179 339.
2438 4126 2559 4177 351.

406 4197 572 4265 Apud
605 4199 937 4252 Lactantium
970 4202 1190 4265 quidem,
1251 4212 1309 4255 ut
1341 4204 1478 4255 infre.
1512 4207 1723 4269 dicetur,
1770 4208 1958 4273 legitur
1992 4209 2234 4273 Persea,
2270 4211 2326 4261 in
2359 4206 2554 4262 Frisin

411 4284 557 4351 gensi
595 4292 646 4336 et
679 4285 917 4337 Mecensi
951 4302 1152 4353 persee
1189 4286 1298 4353 (cui
1334 4292 1474 4357 quod
1511 4292 1563 4341 in
1598 4291 1910 4358 Frisingensi
1946 4296 2342 4363 superscriptum
2378 4304 2459 4349 est
2492 4308 2555 4347 oz

406 4360 441 4437 ᾗ
457 4386 662 4433 ersce,
695 4386 790 4437 pre
825 4372 1017 4426 indicio
1055 4375 1278 4427 vocativi
1312 4376 1606 4432 habendum
1642 4384 1731 4441 est,
1764 4385 1826 4431 ut
1848 4382 1986 4447 apud
2010 4380 2332 4439 nasutium
2354 4396 2403 4435 v.
2420 4382 2557 4436 4833
