3234 4967
1061 1364 1068 1371 '
1155 1438 1177 1587 s

861 2258 918 2313 P.
957 2260 1074 2319 259,
1109 2260 1191 2308 47.

1464 293 1796 361 Corrigenda.
1868 296 2140 348 Addenda.

1213 474 1266 517 ct
1309 466 1534 529 ejusdem
1581 461 1788 529 Virgilii
1833 466 2144 533 aeripedem
2200 466 2403 529 (Heius.
2455 467 2589 521 Aen.
2636 468 2735 517 VI.
2790 470 2926 519 804

1215 569 1266 618 p.
1307 550 1450 614 128),
1485 553 1574 602 sed
1609 551 1772 601 tribus
1809 553 2089 603 earundem
2125 553 2410 605 litterarum
2434 554 2709 619 exemplis:
2748 570 2923 605 sue-

1217 646 1346 697 tae,
1399 634 1667 698 Suevos,
1722 638 2122 687 adsuescent
2171 639 2404 689 additum
2458 646 2647 689 temere
2692 647 2783 688 aut
2846 640 2921 688 in

1217 738 1592 787 supervacuum
1647 736 1756 773 esse
1808 723 2178 787 aeripedem
2229 723 2361 772 illud
2414 725 2577 788 „unici
2624 722 2907 789 stuporis“

1221 804 1430 870 (Muell.
1477 823 1526 871 p.
1577 806 1699 872 265)
1748 808 2117 858 documentum.
2186 804 2427 871 Denique
2481 810 2615 858 idem
2666 810 2782 859 vult
2834 824 2919 857 ac

1211 892 1362 957 jubet
1404 892 1533 943 nihil
1581 893 1787 943 omnino
1829 893 1960 943 inter
1995 908 2050 943 se
2087 892 2289 943 differre
2323 894 2517 945 litteras
2553 891 2912 958 Aquilone

1219 976 1464 1028 Suevos
1509 986 1562 1027 et
1598 978 1849 1028 dixisse
1899 978 2227 1039 Phoebos,
2277 980 2457 1031 eodem
2494 986 2666 1028 autem
2702 994 2913 1039 errore,

1220 1078 1323 1128 quo
1361 1061 1577 1113 foetae
1613 1078 1709 1128 pro
1744 1070 1995 1126 suetae,
2029 1079 2127 1127 pro
2164 1062 2415 1115 Suebos
2451 1064 2747 1130 provenisse
2782 1065 2907 1127 pri-

1219 1164 1352 1201 mam
1395 1148 1677 1209 Fuebos,
1727 1150 1849 1199 inde
1894 1149 2204 1200 Phoebos.
2273 1148 2376 1201 Sed
2414 1150 2652 1213 quoniam
2687 1149 2771 1198 vel
2804 1151 2907 1201 his

1224 1234 1394 1285 allatis
1427 1234 1551 1283 satis
1587 1228 1846 1298 apparuit,
1900 1235 2024 1299 quid
2070 1234 2135 1286 sit
2176 1236 2230 1284 in
2266 1236 2562 1299 quaestione
2596 1234 2905 1301 perdifficili

1225 1328 1380 1383 atque
1425 1318 1826 1383 implicatissima
1868 1317 1997 1386 μέγα
2044 1336 2092 1369 τι
2130 1316 2497 1380 νεανιεὺεσθαι,
2519 1322 2761 1371 ‘desinam
2798 1316 2904 1383 (cf.

1223 1404 1452 1468 ConJect.
1490 1419 1540 1468 p.
1579 1403 1705 1466 242)
1740 1407 1794 1454 in
1831 1405 2031 1456 Statii
2078 1420 2225 1455 versu
2262 1404 2386 1456 silv.
2430 1406 2500 1457 V.
2545 1407 2606 1467 3,
2654 1406 2777 1465 183,
2821 1406 2901 1454 de

1224 1504 1327 1553 quo
1375 1490 1504 1539 haec
1550 1490 1840 1541 Muellerus
1886 1507 1937 1557 p.
1984 1493 2083 1542 275
2132 1492 2361 1557 scripsit:
2418 1491 2605 1555 „inepti
2648 1496 2771 1541 sunt
2821 1490 2900 1553 ei,

1227 1576 1313 1638 qui
1358 1572 1526 1625 Statio
1573 1576 1827 1639 hodieque
1870 1576 2163 1627 adscribant
2209 1592 2313 1628 non
2360 1592 2515 1630 unam
2570 1574 2775 1640 quidem
2819 1574 2901 1623 ob

1225 1676 1432 1711 causam
1483 1660 1699 1713 falsum:
1750 1660 1963 1727 Phrygii
2014 1662 2167 1712 lanea
2220 1669 2299 1713 est
2347 1678 2441 1727 pro
2489 1676 2574 1722 e0‚
2630 1659 2767 1725 quod
2810 1667 2902 1709 est

1226 1758 1423 1797 verum:
1477 1743 1656 1796 Lanea
1703 1748 1783 1796 cui
1827 1746 2041 1813 Phrygii
2090 1746 2215 1798 est“.
2289 1746 2578 1808 Queckium
2633 1745 2678 1796 is
2724 1746 2903 1809 carpit

1228 1832 1426 1882 scilicet
1459 1832 1525 1880 ad
1565 1846 1680 1881 eum
1716 1846 1937 1882 errorem
1974 1832 2284 1892 revolutum,
2340 1846 2495 1895 quem
2550 1846 2663 1881 cum
2714 1845 2901 1881 omnes

1227 1924 1333 1966 tum
1391 1916 1728 1967 Marklandus
1788 1917 2193 1981 Duebnernsque
2254 1917 2671 1981 exagitaverant,
2731 1916 2903 1979 carpit

1227 2008 1395 2051 antem
1445 2008 1499 2051 et
1541 2008 1661 2066 post
1704 2002 1975 2052 Imhofium
2022 2002 2225 2055 Condit.
2275 1999 2401 2053 crit.
2449 2018 2499 2067 p.
2542 2003 2613 2051 44
2655 2007 2707 2050 et
2747 1999 2901 2049 nulla

1225 2087 1400 2137 habita
1436 2088 1637 2138 ratione
1674 2088 1864 2138 codicis
1898 2088 2062 2139 Rehd.
2100 2094 2151 2138 et
2186 2088 2423 2137 editionis
2458 2087 2647 2148 Parm.‚
2686 2087 2738 2135 in
2776 2085 2893 2147 qui-

1226 2174 1322 2223 bus
1359 2179 1528 2223 extat:
1569 2170 1695 2223 Cur
1731 2173 1941 2237 Phrygii
1975 2172 2181 2222 lateat
2214 2186 2362 2221 coma
2394 2170 2628 2221 flaminis.

1227 2258 1567 2309 Insolentiore
1603 2257 1855 2308 vocabulo
1891 2258 1973 2308 usi
2009 2266 2129 2308 sunt
2151 2257 2427 2309 Suetonius
2462 2256 2640 2319 fragm.
2678 2271 2728 2320 p.
2764 2256 2901 2304 1020

1231 2340 1456 2394 Οιιά>εε
1488 2342 1721 2393 Isidorus
1756 2342 1907 2395 XIII.
1943 2345 2039 2403 21,
2076 2346 2105 2392 2
2142 2360 2193 2409 p.
2231 2346 2356 2393 428:
2417 2343 2649 2392 Torrens
2698 2340 2899 2401 fluviuS,

1230 2428 1316 2493 qui
1364 2444 1396 2477 a
1438 2428 1613 2493 pluvia
1658 2430 1865 2489 crescit,
1920 2429 2143 2478 siccitate
2186 2429 2510 2478 torrescit
2552 2428 2606 2475 id
2643 2432 2721 2475 est
2754 2440 2899 2474 are-

1232 2514 1358 2563 scit
1393 2513 1552 2577 (Fest.
1589 2530 1641 2577 p.
1678 2516 1805 2563 270:
1864 2514 2176 2563 siccitatibus
2222 2510 2505 2576 exarescit)
2548 2512 2613 2563 cf.
2652 2511 2762 2564 Liv.
2797 2509 2901 2558 IV.

1233 2602 1324 2659 30,
1361 2602 1390 2649 8
1439 2597 1661 2661 (Cellar.
1709 2594 1883 2648 Sedul.
1920 2600 2124 2664 Hymn.-
2156 2599 2229 2651 ΙΙ.
2280 2600 2345 2649 65
2380 2614 2431 2663 p.
2469 2596 2619 2660 263J:
2672 2594 2902 2645 defectus

1233 2685 1355 2753 alibi
1401 2700 1651 2749 aquarum
1697 2686 1835 2735 eirca
1878 2686 2163 2745 torridos
2209 2684 2377 2733 fontes
2422 2680 2711 2746 rivosque“.
2781 2678 2901 2729 oal-

1235 2786 1388 2835 purn.
1419 2772 1529 2824 Ecl.
1568 2770 1637 2821 V.
1674 2773 1765 2821 87:
1802 2771 1993 2819 rimosa
2027 2771 2177 2835 palus
2214 2776 2265 2818 et
2297 2768 2460 2818 multo
2496 2767 2745 2817 torrida
2778 2765 2901 2813 limo

1236 2854 1503 2907 Aestuat“.
1574 2854 1685 2905 Nec
1720 2856 1887 2905 minus
1934 2854 2286 2911 memorabile,
2342 2854 2477 2919 quod
2512 2853 2565 2902 in
2600 2851 2751 2901 aliam
2786 2864 2903 2914 par·

1232 2950 1330 2992 tem
1384 2948 1608 3007 spectat,
1666 2941 1957 3005 exemplum
1993 2940 2323 2991 Prisciani
2358 2938 2519 2990 Laud.
2558 2934 2741 2986 Anast.
2778 2936 2902 2985 115:

1235 3027 1476 3077 Flumina
1508 3027 1864 3076 torrebant
1910 3025 2077 3074 fluviis
2126 3032 2318 3074 mutata
2363 3023 2557 3073 cruoris
2570 3018 2617 3084 ‚”
2666 3020 2803 3083 quod
2838 3020 2904 3069 ab

1236 3114 1422 3177 injuria
1449 3112 1768 3162 Boissonadii
1794 3112 2111 3162 scribendum
2149 3126 2262 3161 esse
2300 3108 2646 3159 currebant
2679 3105 2905 3155 arbitrati

1241 3200 1504 3249 defensum
1551 3198 1717 3248 Theb.
1764 3198 1950 3249 Parad.
1998 3182 2062 3244 11.
2111 3197 2141 3247 5
2187 3211 2235 3260 p.
2288 3197 2385 3244 171
2433 3207 2567 3243 nunc
2607 3190 2905 3241 confirmare

1057 3296 1062 3306 ·
1151 3318 1154 3323 -
1239 3284 1365 3333 lieet
1388 3282 1575 3333 Glossa
1596 3282 1761 3335 Labb.
1798 3298 1848 3347 p.
1887 3284 2013 3333 152:
2056 3278 2373 3348 ,πλημμυρεῖ
2405 3280 2637 3338 inundat,
2672 3282 2904 3336 Mutet,

1243 3366 1541 3420 exuberaffl.
1611 3368 1779 3429 Quam
1826 3366 1998 3417 afferri
2044 3368 2267 3432 oportuit
2314 3380 2342 3415 a
2379 3363 2735 3427 Peerlkampio
2771 3360 2905 3410 Bibl.

1245 3452 1394 3503 Crin-
1427 3454 1494 3503 V.
1542 3454 1603 3506 P.
1651 3454 1691 3506 Ι.
1741 3471 1789 3519 p.
1842 3456 1966 3516 102‘,
2015 3454 2101 3515 qui
2142 3452 2391 3501 Prisciani
2435 3450 2594 3500 verba
2639 3450 2794 3497 ducta
2836 3447 2908 3495 ait

1245 3556 1354 3591 esse
1400 3556 1428 3590 e
1467 3539 1739 3593 claudian,
1788 3538 1881 3594 ΠΙ,
1933 3536 2085 3588 Οουε.
2122 3538 2261 3591 Hon.
2302 3540 2401 3587 100
2440 3532 2532 3601 (cf.
2569 3534 2740 3583 Hand.
2780 3530 2907 3581 Stat.

1137 3648 1142 3653 ·
1243 3628 1370 3681 silv,
1407 3626 1448 3679 Ι.
1488 3628 1544 3685 2,
1579 3627 1648 3675 97
1694 3641 1745 3690 p.
1794 3624 1944 3689 236):
2004 3625 2253 3688 turbaque
2300 3624 2571 3673 cadentum
2607 3618 2803 3679 Staret,
2854 3618 2909 3666 ni

1241 3712 1450 3778 rapidus
1479 3713 1698 3777 juvisset
1731 3712 1941 3763 flumina
1975 3706 2231 3774 sanguis“.

1638 4032 1836 4052 yvxtffwx.
1846 4032 2045 4047 νυκΝ-κνν
