3234 4967
1290 372 1332 423 C
1350 388 1379 423 o
1394 373 1451 435 nj
1468 387 1494 422 e
1510 388 1537 422 c
1554 380 1588 423 t.
1627 373 1725 422 111.
2480 374 2578 424 169

436 542 625 593 Ileus
662 544 850 593 nomen
886 543 1093 593 retinuit
1128 542 1389 607 Queckius
1425 543 1662 593 nimirum
1698 556 1801 591 non
1837 543 1972 594 ultra
2006 542 2337 597 Duebnerum
2379 544 2579 605 doctus,

436 630 523 691 qui
559 629 667 694 ipse
703 629 905 693 ignorat
940 644 971 678 a
1006 628 1235 679 Meursio
1271 627 1406 679 hanc
1444 642 1555 677 esse
1591 628 1777 679 factam
1813 627 2170 679 mutationem:

843 747 1006 797 Venit
1040 753 1192 798 atrox
1228 746 1355 797 Ala
1367 762 1394 796 e
1406 762 1439 796 u
1452 762 1475 797 s

434 880 540 916 non
573 866 907 931 improbatam
944 873 1032 916 aut
1066 866 1325 931 Heringae
1363 865 1513 919 Obss.
1564 867 1627 915 ad
1665 864 1840 931 Steph.
1879 866 2001 933 Byz.
2037 882 2082 931 p.
2107 868 2206 917 975
2244 866 2390 917 Misc.
2428 866 2578 919 Obss,

432 950 562 1001 Nov.
598 951 681 1000 IX
716 959 804 1002 aut
840 954 961 1002 olim
998 951 1213 1001 Barthio
1249 968 1299 1017 p.
1340 952 1473 1003 1534
1506 951 1582 1002 illi
1621 951 1827 1014 quidem
1865 966 1956 1015 per
1989 952 2126 1002 hunc
2163 966 2381 1002 errorem
2417 953 2581 1018 lapso,

435 1044 491 1086 ut
526 1036 728 1086 Aleus
766 1044 901 1087 recte
939 1038 1037 1086 dici
1076 1037 1415 1097 existimaret,
1472 1038 1608 1099 quod
1665 1036 1796 1085 liber
1831 1036 2009 1085 Barth.
2066 1037 2311 1102 optimus,
2355 1036 2582 1101 Behott.,

438 1122 619 1185 Regg.,
645 1122 823 1183 Dorv.,
860 1122 1215 1186 FrisingensiS,
1252 1121 1508 1170 Lactantii
1534 1122 1699 1171 codex
1717 1120 1982 1171 Parisinus
2007 1123 2276 1186 praebent3
2311 1123 2362 1171 in
2381 1122 2582 1173 Scheft·

433 1206 641 1256 latiensi
691 1207 895 1270 quidem
944 1214 1017 1257 est
1061 1206 1308 1269 Aloeus,
1363 1207 1417 1255 in
1463 1204 1771 1255 Monacensi
1807 1204 2060 1266 Aol'euS‚
2115 1207 2166 1255 in
2222 1208 2382 1257 altero
2418 1208 2580 1259 DorV.

435 1292 638 1342 olcus.
695 1290 773 1342 Cf.
811 1293 969 1341 Mein.
997 1290 1174 1356 Steph.
1202 1292 1328 1356 Byz.
1365 1306 1413 1355 p.
1435 1290 1514 1350 67,
1539 1291 1615 1343 16,
1673 1288 1876 1340 Gallim.
1915 1306 1994 1355 ap.
2021 1290 2196 1342 schol.
2217 1290 2372 1356 Soph,
2397 1294 2583 1357 Antig.

433 1378 534 1427 264
570 1393 620 1443 p.
659 1379 723 1427 85
772 1374 855 1439 (fr.
895 1372 1045 1441 209):
1098 1370 1395 1425 Φωκαέων
1448 1372 1622 1447 μέχρις
1664 1390 1720 1424 κε
1769 1372 1894 1445 μένῃ
1935 1372 2087 1443 μέγας
2135 1372 2205 1425 εἰν
2253 1372 2336 1425 ἁλὶ
2385 1374 2580 1445 μύδρος.

436 1462 584 1512 Licet
617 1461 718 1511 hoc
744 1461 957 1525 adjicere
991 1464 1045 1511 in
1082 1463 1263 1511 eodem
1300 1460 1603 1511 Monacensi
1640 1477 1688 1512 v,
1710 1463 1805 1510 621
1848 1474 1990 1510 esse:
2032 1462 2238 1523 „melior
2262 1461 2582 1527 Lycabessos

436 1546 620 1597 olivae
639 1545 664 1573 ‘⁴
696 1548 847 1611 idque
872 1548 923 1596 in
942 1546 1041 1597 Ms.
1060 1546 1419 1597 Arondeliano
1446 1546 1706 1595 inventum
1732 1546 2084 1611 maximopere
2109 1542 2360 1611 placuisse
2377 1547 2582 1599 Wassio

438 1632 603 1682 Thuc.
640 1630 735 1685 IV.
776 1634 841 1683 96
877 1649 925 1698 p.
963 1634 1079 1684 459.

580 1742 785 1794 Deinde
840 1758 989 1808 quem
1044 1758 1218 1797 omnes
1270 1758 1407 1793 nune
1442 1742 1766 1793 Aethione
1817 1747 2006 1791 vocant
2039 1741 2164 1793 VII.
2203 1744 2300 1793 757
2343 1740 2584 1808 (Frising.

437 1828 671 1879 Aenon.
702 1828 910 1880 Monac.
951 1827 1225 1892 Aetion)
1281 1835 1332 1877 et
1364 1828 1432 1877 X.
1474 1829 1599 1887 734,
1637 1842 1816 1878 verum
1853 1834 1930 1875 est
1991 1822 2238 1891 appellari
2273 1825 2584 1891 Aetiona,

441 1913 580 1975 quod
616 1928 799 1962 nomen
853 1919 904 1961 et
954 1914 1009 1963 in
1052 1912 1350 1962 Monacensi
1388 1912 1513 1964 VII.
1552 1913 1585 1961 l.
1625 1914 1674 1962 d.
1725 1920 1776 1961 et
1809 1912 2130 1975 Frisingensi
2163 1913 2232 1961 X.
2272 1912 2305 1962 l.
2343 1914 2391 1962 d.
2445 1920 2588 1963 extat

437 1996 679 2061 (Scheftl.
716 1996 989 2061 Aetiona)
1036 2004 1086 2047 et
1128 1998 1242 2049 aliis
1292 1997 1417 2047 locis
1454 2004 1794 2049 contestatum
1833 2006 1909 2049 est
1945 1998 2130 2051 Boseh.
2170 1997 2309 2051 Add.
2364 2000 2428 2047 ad
2464 1998 2586 2049 Not.

435 2082 597 2138 Anth.
634 2083 723 2135 Gr.
761 2083 829 2133 V.
866 2100 916 2148 p.
954 2084 1053 2133 243
1090 2098 1167 2147 sq.
1222 2084 1350 2135 Lob.
1410 2084 1673 2148 Aglaoph.
1711 2098 1762 2146 p.
1800 2079 1867 2132 49
1915 2091 2020 2133 not.
2055 2084 2102 2136 b.
2143 2099 2192 2147 p.
2233 2086 2364 2133 1223
2409 2092 2513 2137 not.
2551 2092 2586 2135 t.

438 2169 653 2219 Theocr.
674 2168 851 2233 Epigr.
881 2166 1211 2218 CallimNH.
1234 2170 1263 2218 5
1290 2161 1521 2218 Ἠετίων.
1560 2168 1722 2217 Gaisf.
1754 2168 1901 2221 codd.
1923 2160 2152 2221 Ἀετίων.
2175 2170 2398 2218 Meinek.
2421 2170 2584 2219 Diatr.

437 2256 501 2303 ud
520 2255 693 2319 Epigr.
712 2253 912 2303 Gallim.
932 2255 1122 2318 p.275.·
1140 2254 1443 2317 Eademque
1476 2253 1674 2302 medela
1703 2252 1995 2301 adhibenda
2022 2261 2098 2302 est
2118 2251 2306 2304 Ovidi
2324 2268 2356 2303 o
2381 2253 2504 2307 Met.
2518 2254 2585 2303 V.

440 2340 561 2390 146:
604 2338 1046 2403 „Aethionque
1084 2354 1246 2402 sagax
1284 2338 1541 2401 quondam
1578 2343 1795 2386 ventura
1829 2336 2052 2399 videre‚“
2099 2340 2164 2387 de
2203 2354 2304 2402 quo
2343 2346 2393 2387 et
2426 2338 2586 2387 Hein-

437 2426 541 2475 sius
577 2424 779 2474 fallitur
815 2440 862 2489 p.
886 2425 985 2474 326
1023 2430 1076 2474 et
1111 2425 1199 2486 qui
1236 2424 1505 2473 Barthium
1542 2439 1591 2487 p.
1614 2424 1712 2473 525
1751 2424 1991 2485 sequitur,
2027 2422 2336 2473 Duebnerus
2371 2423 2466 2477 VI.
2484 2424 2586 2473 465

436 2526 487 2575 p.
524 2510 641 2561 312.
710 2508 841 2559 Nam
877 2524 942 2559 ne
978 2509 1273 2558 Aechion
1312 2510 1530 2573 quidem,
1571 2509 1709 2571 quod
1747 2507 1913 2557 Theb.
1952 2504 2048 2557 VI.
2085 2510 2186 2559 465
2223 2508 2433 2572 legitur:

846 2630 1038 2693 Igneus
1074 2628 1374 2679 Aechion

440 2746 569 2811 (quo
607 2748 811 2797 nomine
836 2748 919 2797 vel
942 2748 1044 2799 hoc
1067 2746 1424 2813 praestabilius
1459 2755 1541 2797 est
1566 2740 1805 2796 Aesehi
1821 2762 1892 2795 on
1929 2747 2012 2795 vel
2037 2744 2401 2796 Aeschrion
2423 2747 2586 2798 Boiss.

439 2832 590 2882 Plan.
627 2832 753 2882 Met.
790 2849 840 2897 p.
880 2833 977 2883 263
1016 2832 1078 2886 cf.
1116 2832 1326 2883 Ruhnk.
1365 2833 1493 2882 Hist.
1532 2831 1655 2882 Crit.
1695 2830 1781 2883 Or.
1822 2830 1912 2885 Gr.
1948 2829 2118 2907 1³:⁷5)
2154 2838 2244 2881 aut
2277 2830 2587 2892 Aethion,

440 2919 577 2982 quod
613 2918 774 2967 habet
807 2914 1151 2982 Frisingensis
1200 2916 1531 2981 (aeithion
1567 2918 1768 2970 Monac,
1810 2916 2068 2967 Achion
2104 2918 2250 2967 codd.
2287 2917 2431 2971 Lact.
2467 2916 2584 2967 Mo·

362 3026 373 3030 ·
436 3019 576 3056 naec.
624 3001 688 3053 ef.
728 2999 835 3053 Cic.
881 3001 1026 3051 Brut.
1067 3004 1146 3062 18,
1186 3004 1250 3052 70
1301 3002 1579 3052 Echion:
1633 2998 1890 3051 Aetion.
1943 3001 2187 3051 Priscian.
2224 3001 2427 3065 Perieg.
2485 3004 2583 3052 985
2680 3071 2686 3076 ¹

439 3090 691 3139 aetites.
746 3088 941 3138 Buslid.
996 3083 1274 3153 Eehites)
1332 3088 1702 3154 usui-pavitque
1755 3086 2005 3137 Barlaeus
2059 3086 2183 3139 Her.
2232 3086 2316 3135 111
2368 3103 2417 3151 p.
2461 3086 2587 3136 372:

446 3173 749 3239 „Aschetus,
786 3174 1098 3233 Aethion,
1137 3170 1381 3237 Styrias,“
1419 3189 1515 3237 pro
1552 3174 1849 3237 incorrupto
1884 3172 2174 3221 habendum
2213 3179 2297 3221 est.
2345 3171 2592 3221 Declarat

439 3259 526 3313 vel
562 3260 873 3323 comparatio
911 3258 1140 3309 Archiae
1176 3254 1342 3308 Anth.
1378 3258 1494 3309 Pal.
1532 3244 1626 3308 IX'.
1658 3260 1736 3319 19,
1765 3261 1818 3313 1;
1855 3250 1918 3311 Ὃ
1957 3254 2070 3329 πρὶν
2107 3252 2426 3307 ἀελλοπόδων
2463 3252 2586 3325 λάμ-

442 3341 541 3413 ψας
594 3339 743 3393 πλέον
798 3336 1027 3399 Αἰετὸς
1080 3340 1249 3395 ἵππων
1302 3343 1394 3408 (ef.
1448 3344 1563 3395 Jac.
1607 3361 1658 3409 p.
1704 3342 1860 3409 455);
1913 3343 2208 3393 Lactantius
2262 3350 2430 3393 autem
2481 3344 2588 3401 his:

398 3467 405 3473 .
447 3429 785 3493 „Aethion
822 3430 1006 3480 dicitur
1041 3432 1106 3480 de
1144 3426 1397 3481 colore“
1452 3430 1551 3492 (sie
1588 3430 1722 3480 enim
1757 3431 1811 3479 in
1836 3430 2070 3481 Parisino
2103 3429 2278 3479 codice
2306 3428 2406 3490 est)
2443 3444 2590 3495 spec-

442 3522 550 3564 tare
586 3515 790 3569 videtur
828 3516 891 3565 ad
929 3516 1151 3566 colorem
1188 3516 1473 3581 aquilum
1513 3515 1646 3567 Scal.
1690 3524 1741 3566 et
1759 3516 1885 3566 Dae.
1905 3515 2040 3569 Fest.
2061 3532 2111 3581 p.
2133 3516 2248 3567 331.
2287 3513 2420 3566 Oud.
2446 3515 2589 3565 Suet.

441 3600 577 3666 Aug.
620 3602 681 3653 79
719 3618 767 3667 p.
790 3602 889 3651 299
926 3600 989 3650 ef.
1028 3602 1270 3651 Boehsrt.
1308 3600 1365 3651 11
1400 3600 1601 3651 Hieroz.
1623 3601 1692 3654 11.
1717 3604 1744 3650 1
1771 3618 1818 3667 p.
1845 3602 1956 3661 169,
1978 3603 2022 3651 5.
2052 3599 2222 3650 Gloss.
2249 3601 2410 3651 Labb.
2431 3616 2480 3665 p.
2505 3602 2590 3652 15:

443 3688 671 3751 aquilum
718 3682 875 3753 μέλαν
925 3682 995 3741 ὡς
1038 3682 1345 3742 Λουκίλλιος.
1417 3687 1573 3737 Salm.
1621 3686 1808 3737 Exere.
1858 3686 1988 3737 Plin.
2026 3702 2072 3751 p.
2114 3686 2296 3735 888·b.
2335 3687 2396 3734 E.
2434 3686 2590 3737 Orell.

443 3774 639 3823 Arnob.
676 3772 776 3823 ΠΙ.
817 3774 881 3823 15
918 3789 966 3837 p.
1007 3774 1119 3825 136.
1192 3770 1341 3832 Quae
1378 3782 1545 3822 autem
1581 3773 1692 3837 ipse
1728 3772 2106 3821 Lactantius
2145 3768 2287 3833 (nam
2322 3772 2442 3821 ista:
2485 3771 2592 3835 „jo-

441 3860 606 3908 cunde
644 3856 845 3912 Graeco
884 3858 1075 3927 nomini
1102 3859 1471 3923 expositionem
1498 3856 1716 3921 adjecit“
1759 3858 1959 3906 videtur
1981 3856 2255 3906 inseruisse
2278 3855 2433 3908 homo
2459 3858 2592 3906 male

441 3957 632 3994 memor
656 3944 879 4010 exempli
904 3959 951 3997 v.
970 3944 1071 3994 463
1112 3945 1237 3995 524:
1281 3980 1305 4007 „
1322 3943 1711 4011 Cycnumque
1737 3942 1916 3992 nival
1933 3938 2091 4003 em“)
2117 3940 2381 4004 subjunxit
2404 3942 2590 3993 verba:

446 4029 657 4091 „unde
695 4037 757 4077 et
792 4028 1176 4095 Hyperion‚“
1220 4045 1279 4079 ea
1317 4040 1508 4080 tantum
1546 4031 1689 4079 abest
1724 4036 1780 4077 ut
1816 4027 2056 4076 Barthius
2093 4041 2207 4075 vere
2243 4027 2318 4076 sic
2353 4042 2592 4079 eorrexe-

355 4132 360 4137 ·
442 4114 531 4163 rit:
574 4115 741 4175 „unde
779 4117 841 4163 et
875 4114 1154 4179 Virgilii
1188 4112 1502 4175 Aethon,“
1544 4124 1601 4163 ut
1636 4114 1852 4177 vestigia
1896 4112 2084 4160 codicis
2121 4110 2366 4161 Parisini:
2426 4116 2592 4176 „unde

442 4206 505 4247 et
528 4196 563 4249 J
580 4198 850 4263 ophion“
892 4196 1122 4261 (Monac.
1148 4200 1223 4250 A:
1244 4200 1335 4249 He
1352 4198 1585 4264 perion)
1626 4206 1872 4262 sequutus
1898 4212 2001 4246 non
2029 4197 2204 4245 dubite
2229 4198 2343 4246 mad
2379 4197 2592 4249 sormam
2649 4196 2654 4199 ’

368 4321 373 4327 .
443 4298 683 4333 revocare
718 4298 1017 4347 graecorum
1053 4286 1447 4334 vocabulorum:
1501 4284 1826 4348 „(aethion
1861 4279 2095 4347 phion)
2143 4279 2323 4333 ἀέτιον
2370 4279 2588 4353 φαιόν“

443 4368 601 4418 fretus
639 4366 807 4423 Gloss,
845 4368 1006 4423 Labb.
1044 4387 1093 4434 p.
1116 4371 1243 4419 197:
1276 4362 1430 4424 Φαιός
1466 4370 1702 4433 Aquilae,
1741 4369 1939 4428 Pullus,
1975 4367 2188 4418 Fuscus.
2232 4361 2386 4417 Φαιόν
2423 4369 2592 4430 Pulla,
