3234 4967
1322 346 1540 398 Adnot.
1592 347 1673 399 66.
2449 336 2570 405 105

427 580 484 643 p.
537 555 663 619 547
714 578 804 643 sq.
856 564 922 619 et
969 554 1179 621 Closs,
1233 553 1317 619 55
1364 578 1426 642 p.
1476 552 1626 617 357.
1721 552 1944 615 Burm.
1995 549 2192 614 Ovid.
2241 550 2398 615 Her.
2449 549 2564 614 IV.

434 662 511 727 17
560 686 619 749 Ρ.
672 662 753 725 41
806 669 873 724 et
919 660 1135 726 XVII.
1186 661 1269 725 29
1317 684 1378 747 p.
1431 659 1580 723 245.
1675 659 1894 723 Burm.
1945 657 2136 745 Prop.
2187 655 2252 720 ll.
2301 657 2364 738 4,
2413 659 2454 721 2
2502 680 2566 744 p.

430 767 575 832 242.
649 766 908 833 Harles.
980 764 1347 831 Chrestom.
1415 765 1561 830 Lat.
1642 765 1826 829 Poet.
1905 787 1968 851 p.
2021 763 2146 827 116
2193 785 2287 849 sq.
2368 760 2570 827 Orell.

426 872 673 937 Arnob.
724 872 801 937 V.
854 871 895 935 5
940 895 1003 960 p.
1054 870 1213 959 272)
1284 872 1352 936 in
1408 871 1566 957 ipsis
1629 869 1998 937 hominibus
2045 878 2238 955 atque
2289 868 2453 935 adeo
2505 869 2570 932 in

428 980 651 1067 pueris
709 977 1174 1044 Alexandrinis
1223 976 1445 1066 (Valg.
1493 1000 1555 1065 p.-
1622 976 1758 1065 87),
1831 998 1957 1063 quo
2030 997 2269 1061 genere
2327 973 2572 1039 nullum

433 1085 828 1151 disertius
896 1085 1018 1149 fuit
1068 1083 1337 1171 (Rigalt.
1385 1082 1706 1149 Artemid.
1755 1083 1822 1148 Π
1871 1107 1933 1170 p.
1983 1082 2099 1171 99)
2163 1092 2228 1147 et
2273 1082 2570 1165 facetius,

425 1193 582 1280 poni
621 1190 919 1279 ejusdem
978 1189 1301 1256 Martialis
1351 1190 1794 1255 testimonium
1854 1187 2246 1277 suppetebat
2290 1188 2415 1255 hoc
2463 1189 2570 1253 lV.

428 1298 535 1381 42,
585 1288 662 1361 4':
710 1296 780 1365 Si
807 1298 952 1385 quis
976 1296 1143 1361 forte
1191 1295 1349 1361 mihi
1394 1303 1615 1383 posset
1661 1304 1996 1383 praestare
2043 1296 2324 1381 roganti,
2373 1294 2571 1377 Audi,

428 1426 619 1491 quem
666 1425 972 1491 puerum,
1042 1401 1315 1483 Flacce,
1378 1422 1614 1487 rogare
1663 1399 1878 1465 velim.
1977 1399 2245 1467 Niliacis
2290 1402 2572 1488 primum

428 1532 593 1597 puer
634 1509 740 1574 hic
784 1518 1093 1575 nascatur
1150 1509 1221 1572 in
1268 1508 1426 1590 oris3
1476 1507 1910 1594 Nequitias
1980 1492 2197 1571 tellus'
2231 1508 2352 1571 scit
2414 1506 2570 1573 dare

426 1614 604 1683 nulla
647 1616 900 1701 magis“
950 1614 1061 1704 (cf.
1108 1613 1199 1679 lll.
1249 1616 1355 1697 91,
1404 1613 1477 1677 4:
1524 1613 1702 1678 Huic
1731 1634 1950 1679 comes
1981 1612 2297 1679 haerebat
2329 1613 2572 1679 domini

426 1722 739 1807 fugitivus
770 1720 1061 1787 Achillas
1092 1720 1463 1807 Insignis
1510 1720 1772 1785 forma
1800 1721 2311 1808 nequitiaque
2343 1724 2572 1809 puer.“

426 1826 649 1893 Arntz.
702 1826 743 1891 l.
795 1825 942 1916 d.)?
1012 1826 1103 1891 Et
1162 1828 1229 1891 in
1274 1825 1397 1891 hoc
1446 1825 1709 1914 quidem
1763 1825 2086 1891 Martialis
2131 1825 2307 1911 1000,
2377 1850 2572 1915 quem

425 1936 949 2022 perstrinxerunt
980 1932 1292 1999 Pithoeus
1322 1932 1586 1999 Petron.
1638 1934 1719 1999 87
1769 1958 1832 2021 p.
1883 1932 2008 1999 547
2047 1943 2112 1998 et
2143 1933 2572 2021 Dempsterus

429 2038 712 2129 Paralip.
760 2040 984 2127 Antiq.
1032 2040 1217 2105 Rom.
1266 2038 1332 2103 ll.
1387 2040 1466 2103 19
1514 2063 1577 2126 Ρ.
1639 2040 1785 2104 393.
1850 2038 1931 2122 Ε,
1980 2039 2456 2105 firmamentum
2504 2050 2571 2105 et

428 2147 629 2214 robur
675 2147 955 2234 positum
1004 2156 1102 2211 est
1148 2146 1339 2235 hujus
1387 2145 1894 2211 emendationis2
1959 2155 2284 2211 mercatus
2331 2145 2572 2211 Pharia

430 2254 511 2319 de
581 2273 799 2342 puppe
857 2252 1163 2339 loquaces
1230 2252 1724 2339 Nequitias.“
1815 2252 2041 2340 Neque
2112 2252 2238 2317 hoc
2307 2252 2574 2340 quidem

433 2359 795 2425 verendum
844 2380 1004 2439 esse,
1077 2379 1158 2422 ne
1184 2357 1519 2451 audacius
1566 2358 1780 2442 egisse
1815 2357 2212 2445 judicemur,
2283 2357 2575 2423 declarat

437 2489 581 2530 cum
630 2466 774 2553 ipsa
803 2463 1169 2529 litterarum
1202 2462 1552 2529 similitudo
1604 2463 1954 2528 eclituas
2002 2474 2068 2528 et
2114 2465 2456 2529 eciutias
2489 2504 2576 2513 --

431 2574 523 2638 sic
571 2573 762 2654 enim,
810 2581 884 2636 ut
930 2570 1055 2635 hoc
1102 2571 1391 2653 afferam,
1441 2570 1796 2657 Equiria
1853 2572 1921 2634 in
1969 2568 2197 2636 Ovidii
2243 2570 2575 2637 codicibus

429 2677 532 2743 Ilf.
596 2678 840 2743 Mazar.
915 2677 1261 2758 eciuria,
1334 2676 1611 2740 ecuria
1681 2676 1988 2764 scriptum
2057 2678 2424 2742 invenimus
2491 2680 2574 2743 cf.

427 2782 753 2849 Emendd.
801 2782 996 2870 Prop.
1046 2782 1088 2847 l.
1137 2782 1181 2845 4
1226 2822 1313 2829 —
1359 2790 1497 2847 tum
1543 2780 1725 2845 locus
1771 2780 1975 2848 Julii
2023 2782 2576 2871 Obsequentis

432 2889 728 2956 CXVIII
776 2912 835 2977 p.
892 2888 1043 2952 197:
1109 2886 1334 2970 „Sulla
1383 2924 1462 2933 ——
1522 2908 1762 2973 magno
1811 2890 2049 2954 tcrrori
2108 2889 2232 2954 fuit
2279 2892 2574 2955 inimicis.

428 2994 773 3061 Aeditui
824 2992 1219 3081 Capitolium
1267 3017 1396 3058 una
1426 3002 1619 3059 nocte
1669 2992 2168 3081 conflagravit,“
2214 3018 2408 3083 quem
2453 2997 2576 3062 hoc

429 3102 657 3167 modo:
722 3140 855 3184 „—-—-
924 3102 1221 3167 inimicis.
1294 3102 1662 3190 nequitia
1731 3101 2141 3192 (segnitie)
2213 3103 2574 3169 aeditui“

434 3208 883 3273 reconcinnari
930 3208 1147 3271 verius
1194 3218 1322 3289 cst,
1373 3229 1565 3294 quam
1613 3206 1769 3289 hoc,
1820 3229 1944 3294 quo
1992 3206 2288 3295 Scaliger
2335 3211 2572 3276 voluit:

445 3312 687 3377 aeditui
733 3311 1017 3402 culpa“
1064 3323 1177 3378 aut
1226 3334 1352 3400 quo
1400 3312 1701 3399 Pighius:
1775 3313 2019 3379 aeditui
2087 3315 2408 3381 incuria
2464 3327 2577 3382 aut

346 3413 351 3421 ’
436 3441 558 3505 quo
618 3416 1153 3507 Oudendorpius:
1215 3419 1491 3484 inimicis
1552 3420 1807 3485 caede
1871 3420 2122 3486 edita.
2181 3420 2574 3510 Capitolium

431 3529 581 3587 --.“
627 3524 793 3590 Nam
838 3525 1179 3591 Heinsium
1231 3527 1456 3591 omitto
1530 3526 1942 3613 nequitia-s
1991 3536 2058 3592 et
2105 3523 2449 3594 delicias
2507 3530 2574 3595 in

431 3628 656 3695 Ovidii
706 3628 849 3695 Am.
900 3629 965 3695 ll.
1021 3633 1077 3713 1,
1130 3632 1170 3695 2
1216 3654 1280 3718 p.
1329 3630 1456 3696 397
1529 3640 1906 3719 permutare
1966 3634 2349 3717 ingressum.
2446 3634 2574 3717 Qui

426 3736 599 3801 idem
671 3759 865 3824 quam
935 3737 1193 3801 incaute
1288 3735 1465 3823 apud
1535 3736 1814 3803 Statium
1909 3739 2206 3825 quamvis
2297 3738 2572 3826 proclivi

426 3844 721 3907 instituto
796 3842 959 3932 (vid.
1011 3843 1277 3924 Quaest.
1342 3840 1422 3910 de
1487 3844 1773 3909 Tanusio
1833 3842 1953 3908 IV.
2010 3867 2076 3931 p.
2134 3844 2240 3909 28.
2305 3844 2572 3933 Coripp.

426 3948 532 4013 J0.
581 3950 665 4013 V.
715 3948 875 4014 385:
925 3948 1250 4013 deducere
1299 3972 1611 4037 puppes
1658 3950 2018 4015 Vectantes
2066 3950 2374 4016 alimenta
2419 3953 2568 4017 suis.

427 4054 608 4118 Triv.
659 4054 945 4143 pubes)
993 4054 1299 4121 Phariam
1356 4077 1708 4143 puppem
1758 4057 2029 4146 jusserit
2080 4056 2226 4122 fieri
2270 4057 2572 4124 Phariam

428 4159 757 4245 pubem·
793 4159 1216 4251 (quamquam
1263 4161 1540 4226 fortasse
1588 4161 1966 4249 praestabat
2036 4162 2358 4252 plebem
2418 4167 2573 4251 poni

344 4281 349 4285 ·
432 4265 511 4327 ef.
559 4264 787 4329 HeinS.
839 4265 1178 4333 Claudian.
1230 4266 1376 4332 Rus.
1425 4266 1490 4331 ll.
1542 4269 1670 4333 283
1717 4290 1780 4356 p.
1831 4269 1932 4332 87.
1995 4269 2215 4334 Burm.
2265 4270 2342 4334 B.
2395 4269 2571 4338 Gild.

436 4370 566 4433 416
612 4395 673 4459 p.
725 4373 908 4461 232),
952 4381 1024 4439 *et
1058 4370 1309 4438 Cinnae
1344 4374 1645 4461 exemplo
1681 4373 1969 4457 discitur,
2019 4367 2126 4463 q'ui
2157 4375 2574 4461 Bithynicam
