3234 4967
1242 424 1526 489 Conject.
1563 420 1716 475 vm.
2451 421 2544 473 187

421 601 589 661 certis,
627 600 845 663 quaein
881 598 1094 649 Emend.
1134 596 1283 657 Prop,
1304 596 1427 651 vn.
1453 598 1486 647 4
1521 598 1571 646 in
1608 595 1828 645 medium
1864 594 2152 655 afferentur,
2190 600 2388 645 constet
2411 595 2550 643 testi-

422 686 617 747 moniis,
656 686 875 735 alterum
910 701 1107 735 versum
1144 684 1339 735 affirmo
1378 684 1438 733 ad
1478 678 1617 733 hune
1656 690 1836 733 statum
1875 682 2236 731 revocandum:

759 768 903 820 Litus
942 779 992 820 et
1027 774 1075 821 in
1112 770 1418 820 tenebras
1456 767 1681 833 scopulis
1719 768 2054 829 pendentibus
2091 766 2212 829 exit,

423 856 528 903 sive
578 855 722 903 malis
767 854 1055 904 latebras
1104 856 1272 907 Burm.
1309 854 1499 907 Lucan.
1537 852 1689 903 VIII.
1729 853 1823 902 371
1864 863 1910 911 P.
1951 853 2066 903 565.
2134 849 2246 900 Nee
2295 867 2372 901 me
2410 851 2554 914 quid-

424 955 573 1005 quam
610 924 779 989 movet
813 940 1074 1002 HeinsiuS,
1104 956 1150 989 -a
1188 956 1289 1003 quo
1326 939 1377 988 in
1414 938 1559 1002 Virg.
1600 938 1728 987 Aen.
1767 938 1860 992 VI,
1902 938 1998 987 132
2035 950 2080 998 p.
2119 940 2182 987 28
2231 938 2328 986 hoc
2367 945 2555 1003 mutata

424 1026 671 1075 sententia
691 1024 879 1073 factum
900 1026 1144 1088 judicium
1172 1026 1349 1075 video:
1390 1024 1533 1087 „Dat
1561 1032 1742 1073 natura
1767 1024 1974 1073 lacum
2003 1024 2260 1086 montique
2287 1023 2557 1072 intervenit

423 1112 605 1159 imum
659 1108 835 1161 Litus:
889 1111 959 1159 sic
1010 1112 1199 1170 scribo,
1253 1126 1351 1160 non
1406 1109 1640 1170 locum3
1693 1124 1808 1161 nam
1864 1124 1982 1159 mox
2033 1109 2288 1172 sequiturt
2343 1103 2558 1173 „Gratia

424 1197 586 1255 prima
619 1195 807 1246 loeo.“

1355 1525 1632 1613 VIII.

569 1708 701 1759 Hine
746 1710 891 1760 labor
938 1711 999 1759 ad
1048 1710 1297 1761 Silvarum
1345 1709 1512 1759 locum
1548 1710 1646 1760 IV.
1685 1710 1733 1773 3,
1773 1710 1852 1768 21,
1891 1708 1952 1758 ‹le
2003 1724 2103 1773 quo
2139 1708 2264 1758 haee
2302 1708 2560 1769 Queekius

434 1806 484 1855 p.
520 1794 707 1847 xxn:
744 1796 1016 1859 „Legimus
1050 1796 1227 1859 igitur:

926 1880 1023 1929 Hic
1059 1896 1283 1945 segnes
1321 1882 1539 1947 populi
1578 1882 1714 1931 vias
1753 1888 2074 1945 gravatus.

436 1965 686 2030 Scriptum
724 1964 890 2015 fuerat
925 1966 1145 2015 sennis
1181 1982 1273 2031 pro
1310 1968 1577 2032 segniw
1652 1967 1799 2029 Quae
1853 1968 1965 2032 ipsa
2019 1964 2220 2015 memini
2259 1980 2334 2015 me
2383 1966 2561 2031 legere

436 2052 571 2115 apud
610 2050 879 2102 Heinsium
919 2052 1049 2100 Adv.
1088 2051 1219 2101 1.1o
1254 2068 1303 2117 p.
1327 2054 1451 2104 104:
1488 2053 1743 2113 „Videtur
1777 2052 1896 2104 olim
1936 2059 2198 2102 exaratum
2235 2049 2388 2100 fuisse
2425 2066 2565 2101 see-

438 2138 539 2187 nis
575 2153 668 2201 pro
707 2138 949 2202 segnis,
997 2138 1047 2185 id
1083 2152 1205 2187 vero
1242 2154 1336 2203 pro
1374 2140 1638 2202 segnes“
1687 2134 1778 2203 (cf.
1817 2136 1998 2188 Imhof.
2037 2137 2217 2201 Eclog.
2259 2138 2318 2186 ad
2357 2136 2460 2187 ΠΧ.
2501 2139 2564 2187 75

436 2239 485 2287 p.
526 2222 633 2286 23).
706 2221 977 2282 Nimirum,
1028 2223 1077 2271 id
1115 2224 1249 2287 quod
1288 2232 1341 2273 et
1376 2224 1530 2288 Valg.
1570 2240 1621 2289 p.
1658 2224 1735 2274 IX
1774 2231 1826 2273 et
1857 2224 1907 2273 in
1943 2223 2039 2273 hoc
2075 2223 2247 2273 libello
2290 2222 2567 2282 inculcavi-

438 2323 548 2357 mus
584 2308 881 2367 identidem,
918 2308 1157 2373 opinione
1195 2310 1344 2373 plura
1380 2311 1708 2375 reperiuntur
1745 2311 1879 2374 apud
1920 2312 2096 2357 doctos
2134 2308 2428 2358 vetustioris
2465 2322 2568 2359 me-

440 2394 631 2443 moriae
670 2394 929 2455 homineS,
988 2408 1115 2458 quae
1170 2402 1256 2443 aut
1292 2397 1497 2459 cognitu
1534 2411 1637 2445 non
1673 2395 1881 2459 indigna
1917 2395 2017 2445 sint
2051 2401 2138 2444 ant
2179 2392 2382 2444 omnino
2427 2394 2571 2443 nobis

441 2479 715 2543 probanda.
789 2479 963 2529 Veluti
1002 2481 1220 2529 eundum
1260 2481 1542 2541 Queckium
1580 2480 1650 2531 11.
1689 2482 1735 2553 6ζ
1769 2483 1837 2541 Ζ]
1886 2476 2040 2545 hujus
2089 2494 2260 2529 versus
2295 2479 2572 2529 artificem:

442 2564 655 2624 „Torsit
688 2575 739 2615 et
775 2564 967 2615 invidia
1004 2573 1236 2615 mortem
1274 2566 1547 2631 amplexa,
1576 2566 1768 2630 jacenti
1806 2566 1985 2629 Injecit
2021 2566 2219 2615 nexus“
2258 2566 2574 2629 eundemque

444 2658 787 2709 „accurate
836 2666 888 2700 se
926 2652 1187 2715 colleg-isse
1226 2650 1419 2701 Heius-ii
1467 2652 1782 2715 aliorumque
1829 2650 2249 2701 emendationes“
2295 2650 2574 2714 professum

446 2750 494 2797 p.
531 2734 611 2783 1v
658 2734 871 2785 fortasse
925 2736 1148 2785 futurum
1202 2736 1297 2786 fuit
1332 2746 1387 2785 ut
1442 2737 1644 2799 cognita
1683 2738 1958 2786 Burmanni
2003 2736 2210 2801 incepta
2251 2734 2442 2789 Lucan,
2479 2734 2573 2785 IX.

448 2820 512 2868 99
552 2835 599 2883 p.
638 2822 759 2870 614:
816 2831 902 2882 „et
952 2818 1241 2872 insidians
1288 2828 1661 2885 mortemque
1716 2822 1964 2887 amplexa.
2052 2820 2418 2885 Fortemque
2472 2836 2576 2870 am-

447 2905 637 2969 plexa“
676 2907 981 2957 deducerent
1014 2908 1079 2956 ad
1117 2908 1479 2957 restituendam
1515 2906 1650 2955 hane
1685 2908 2013 2959 sententiam:
2051 2908 2269 2957 videndo
2301 2907 2446 2956 torsit
2471 2921 2578 2956 sese

446 2992 601 3050 ade0‚
656 2999 714 3041 ut
749 2992 955 3041 insidias
994 2993 1172 3041 letales
1210 3002 1401 3041 struere
1446 2992 1668 3041 animum
1714 2994 2006 3043 induceret:
2062 3006 2320 3059 „seseque
2358 2993 2578 3042 videndo

446 3070 619 3125 Torsit
658 3082 708 3125 et
743 3077 983 3127 insidias
1022 3085 1383 3141 mortemque
1420 3078 1658 3141 amplexa
1687 3077 1879 3141 jacenti
1915 3078 2100 3142 Injeeit
2134 3080 2330 3128 nexus‘·
2367 3079 2490 3137 sive,
2525 3086 2582 3125 ut

448 3171 761 3224 praeteream
807 3164 1084 3213 Burmanni
1133 3162 1347 3213 Anthol.
1397 3163 1510 3211 Lat.
1549 3161 1644 3213 IV.
1687 3165 1784 3214 129
1821 3178 1869 3227 p.
1908 3166 1972 3214 85
2018 3164 2345 3215 sententiam:
2391 3170 2442 3213 et
2476 3162 2580 3213 In-

449 3246 631 3295 vidiam
686 3248 1070 3311 Mor-temque
1122 3249 1411 3314 amplexa,“
1464 3248 1629 3299 hane:
1684 3248 1858 3298 Torsit
1903 3250 1975 3299 ab
2023 3250 2216 3301 invidia
2269 3260 2582 3315 mortemque

452 3326 703 3393 (mortem
742 3332 919 3397 ecce)
955 3330 1037 3384 vel
1076 3351 1225 3401 quam
1263 3348 1357 3399 ego
1395 3332 1669 3400 pervelim:

882 3410 940 3467 'et
973 3420 1221 3471 invidiae
1258 3436 1461 3472 morsu
1499 3432 1646 3471 eece
1683 3420 1924 3485 amplexa·
1951 3420 2142 3487 jacenti

755 3503 941 3569 Injeeit
977 3520 1142 3555 nexus

452 3590 557 3641 sive
594 3592 655 3639 nd
694 3591 964 3656 quodlibet
1000 3591 1139 3642 alind
1181 3587 1446 3643 consilium
1490 3601 1693 3657 praeter
1741 3592 1902 3657 ipsum
1952 3593 2104 3655 illud,
2160 3608 2261 3659 quo
2306 3592 2431 3643 inito
2477 3594 2586 3659 ipse

452 3677 673 3741 scripsit:
720 3688 950 3727 mortem
988 3678 1254 3743 amplexa.
1330 3676 1495 3737 Quem
1538 3685 1701 3728 autem
1750 3693 1840 3727 nos
1883 3678 2458 3729 habuimus-verborum
2504 3682 2588 3729 de·

451 3761 665 3823 lectum,
712 3763 834 3812 satis
878 3764 1093 3829 probare
1143 3764 1373 3813 videmur
1420 3764 1668 3829 exemplis
1716 3764 1912 3813 Lucani
1958 3764 2050 3814 IX.
2089 3766 2213 3816 731:
2262 3773 2590 3828 armentaque

457 3854 563 3895 tota.
617 3849 773 3897 secuti
834 3848 1137 3912 (dracones)
1183 3849 1435 3913 Rumpitis
1478 3849 1692 3913 ingentis
1739 3849 2021 3915 amplexi
2069 3850 2334 3899 verbere
2389 3850 2591 3900 tauros“

462 3935 612 3994 atque
650 3930 851 3983 Horatii
888 3934 1049 4000 Epist.
1087 3934 1125 3983 1.
1158 3937 1234 3996 14,
1259 3936 1350 3986 38:
1389 3934 1507 3985 odio
1546 3934 1762 3984 obscuro
1801 3950 2122 4001 morsuque
2156 3936 2426 4001 venenat.“
2463 3935 2591 4000 Silii,
2606 3952 2678 3998 γ...

458 4030 605 4079 quem
658 4020 825 4068 omisit
873 4018 1193 4070 Burmannus
1239 4020 1394 4085 Prop.
1436 4020 1531 4070 111.
1568 4022 1615 4083 6,
1656 4021 1718 4070 17
1760 4036 1810 4085 p.
1847 4020 1973 4079 554,
2018 4019 2192 4071 XVII.
2231 4022 2354 4072 345:
2399 4017 2498 4081 Qui
2545 4028 2616 4085 tel

457 4104 692 4153 mentis
732 4106 883 4154 edant
927 4121 1191 4159 morsus.
1235 4106 1356 4156 VII.
1394 4108 1519 4156 271:
1574 4106 1730 4155 dubia
1776 4120 2020 4154 morsus
2063 4104 2270 4156 famae
2325 4099 2616 4161 defendere}

456 4202 641 4251 pugna.
690 4190 842 4239 XIII.
889 4192 1011 4241 274:
1059 4191 1338 4255 Sopitoque
1382 4192 1557 4241 necis
1606 4204 1832 4253 morsu.
1929 4190 2138 4240 Ausonii
2186 4191 2324 4244 Prof.
2363 4190 2457 4241 VI.
2503 4192 2614 4242 341.

456 4272 556 4323 Ille
592 4275 841 4339 superbae
876 4274 1084 4326 Moenia
1121 4278 1318 4326 Romae
1356 4277 1517 4326 Fama
1552 4285 1604 4325 et
1641 4276 1833 4325 meritis
1870 4274 1986 4325 Non
2023 4278 2131 4326 sine
2169 4292 2377 4327 morsu
2413 4274 2682 4327 Gravis-w

456 4358 745 4408 invidiae
782 4360 1015 4425 Inclytus
1052 4356 1251 4411 auxit.“
1312 4360 1463 4427 Idyll,
1502 4359 1571 4411 11.
1610 4364 1703 4413 55:
1750 4362 1830 4412 Ne
1865 4362 2153 4413 fortunatae
2189 4364 2402 4427 spatium
2439 4363 2598 4412 invio-

456 4442 609 4493 labile
650 4445 787 4495 vitae
805 4444 973 4495 Fatali
1011 4447 1303 4496 admorsu
1340 4448 1611 4511 stringeret
1646 4446 1756 4496 ulla
1789 4447 1945 4497 dics.“
2003 4446 2202 4509 Quibus
2239 4448 2454 4511 adjicere
2494 4454 2616 4497 non¹

2132 4534 2195 4582 13
