3234 4967
715 388 814 439 176
1592 380 1879 448 Conject.
1917 379 1982 432 V.

712 557 919 621 egregie
966 556 1070 619 legi
1108 555 1217 591 -“
1266 556 1357 621 ait,
1414 555 1695 605 Burmanni
1743 554 1938 605 Lucan.
1977 555 2044 607 V.
2086 556 2185 607 685
2222 571 2270 619 Ρ.
2311 556 2439 616 368,
2495 570 2712 619 quorum
2764 570 2862 605 nec

715 642 1025 695 Duebnerus
1063 654 1159 690 nec
1179 640 1437 701 Queckius
1472 640 1632 690 ullam
1669 640 1922 690 rationem
1948 640 2143 701 habuit,
2178 653 2285 689 tum
2311 633 2414 690 non
2440 641 2592 691 modo
2614 639 2863 689 Prisciani

717 712 1039 791 loco,'quem
1077 725 1337 785 attulimus
1372 724 1720 790 Lexid.V.-p.
1755 727 1837 787 14,
1874 724 2074 791 Perieg.
2115 728 2241 777 817:
2278 724 2410 774 Hinc
2449 726 2622 775 aliae
2649 723 2860 775 Cilicum

714 794 833 863 sunt
887 812 1035 861 celsis
1086 810 1353 861 moenibus
1394 808 1591 859 urbes.“
1667 810 1734 860 A.
1773 810 1841 862 V.
1891 808 2092 867 Asiae
2140 819 2190 861 et
2225 811 2357 859 Livii
2392 809 2676 861 XXXVII.
2715 812 2796 871 36,
2833 812 2864 861 9

714 899 835 947 belli
874 898 1095 945 aleam.
1167 893 1355 945 Palatt.
1394 895 1523 945 Lov.
1559 894 1626 943 al.
1665 896 1911 957 Asiam,
1950 896 2040 945 sed
2078 896 2228 945 etiam
2252 895 2451 945 Lucani
2470 895 2562 950 IX.
2585 896 2710 947 957:
2747 896 2866 947 Non

715 982 933 1032 Asiam
972 979 1221 1029 brevioris
1258 993 1424 1044 aquae
1462 980 1778 1029 disterminat
1813 995 2026 1044 usquam
2063 978 2323 1031 Fluctus.“
2399 980 2551 1032 Caes.
2591 983 2622 1031 2
2658 982 2865 1031 aliam.

718 1066 870 1128 Quod
907 1074 1074 1116 autem
1114 1065 1233 1115 oli-m
1268 1065 1445 1129 posui:
1483 1064 1780 1114 Aenaria
1817 1066 2106 1130 exemplum
2145 1072 2388 1129 sequutus
2425 1063 2718 1115 Sannazarii
2754 1064 2866 1117 Ecl.

713 1152 811 1203 IV.
851 1168 901 1217 p.
938 1152 1065 1203 658:
1116 1150 1463 1199 Aenariam
1516 1149 1918 1215 Prochytenque
1955 1150 2070 1200 altis
2115 1146 2382 1199 immiserit
2434 1148 2620 1200 astris“
2683 1159 2734 1201 et
2768 1150 2866 1201 111.

714 1252 761 1301 p.
786 1236 901 1287 656.
922 1234 989 1286 11.
1018 1250 1068 1299 p.
1089 1236 1187 1287 652
1226 1243 1279 1285 et
1316 1235 1521 1285 Barlaei
1546 1234 1670 1285 Her.
1691 1236 1718 1285 1
1737 1252 1787 1301 p.
1806 1236 1898 1287 49:
1935 1235 2162 1285 fumasse
2199 1232 2414 1285 caminis
2450 1234 2860 1298 Aenariam,“

713 1321 766 1370 id
796 1320 904 1384 jam
940 1320 1116 1370 censui
1152 1315 1331 1371 alteri:
1366 1320 1650 1371 Inarime
1689 1318 1995 1384 (Icarnen
2029 1320 2249 1385 Frising.
2289 1320 2455 1371 Theb.
2494 1320 2563 1371 X.
2601 1323 2717 1375 917.
2777 1321 2862 1370 ln-

718 1407 949 1458 aerina
994 1404 1165 1457 Oxou.
1213 1420 1288 1469 pr·
1336 1404 1604 1456 claudian.
1643 1405 1704 1459 R.
1743 1406 1886 1457 Pros.
1924 1405 2026 1457 111.
2065 1407 2178 1457 184.
2233 1406 2542 1458 Urasines
2589 1406 2732 1457 Leid.
2770 1406 2868 1458 VI.

721 1490 875 1545 Cous.
912 1490 1049 1541 Hon.
1086 1486 1257 1541 Praef.
1298 1491 1361 1541 18
1400 1488 1788 1556 add.‚Conject.
1827 1489 1898 1554 Ι.)
1951 1492 2359 1565 posthabendum
2408 1506 2520 1541 esse
2575 1498 2625 1541 et
2669 1492 2722 1541 in
2770 1492 2870 1543 hoc

718 1578 834 1627 loco
872 1576 951 1639 (in
986 1592 1087 1643 quo
1127 1575 1383 1639 „vocalem
1419 1590 1656 1639 graecam
1692 1578 1902 1641 longam
1941 1592 2046 1627 non
2071 1586 2273 1641 praeter,-
2298 1592 2490 1627 morem
2517 1590 2547 1627 a
2576 1576 2740 1628 Statio
2777 1578 2868 1627 eli-

725 1678 829 1713 sam
874 1661 1027 1711 esse“
1062 1660 1421 1710 Lachmannus
1477 1662 1631 1711 docet
1666 1662 1870 1711 Lucret.
1911 1662 2007 1711 IV.
2050 1663 2182 1713 1169
2219 1678 2267 1726 p.
2307 1664 2430 1721 272,
2485 1676 2578 1712 nos
2614 1657 2869 1716 Emendd.

718 1747 874 1811 Prop.
897 1746 936 1796 Ι.
963 1742 1022 1809 3)
1060 1753 1112 1795 et
1148 1743 1270 1795 Silv.
1308 1745 1405 1799 111.
1434 1746 1479 1805 5,
1522 1748 1648 1798 1042
1685 1748 2101 1811 Inarimesque
2137 1748 2284 1798 lacus
2321 1748 2582 1797 medicos“
2621 1745 2708 1807 (cf.
2732 1746 2868 1798 Sub-

720 1844 821 1881 sec.
858 1830 893 1881 l.
932 1818 1652 1895 &pm
1679 1832 1809 1881 enim
1846 1831 2016 1882 differt
2050 1833 2182 1881 inter
2233 1828 2362 1882 hocz
2407 1831 2642 1893 „Pollius
2695 1840 2872 1896 auget

722 1915 1001 1965 enarim“
1040 1912 1337 1981 (aenarim,
1376 1917 1644 1967 aenariffi
1680 1917 1782 1966 vid.
1823 1916 2050 1979 Conject.
2078 1915 2124 1981 1)
2164 1924 2216 1966 et
2249 1932 2326 1978 ea,
2369 1932 2500 1982 quae
2535 1918 2588 1966 in
2613 1918 2872 1968 codicibus

722 2000 1074 2050 inveniuntur:
1120 2006 1435 2062 tanarum,
1479 2003 1810 2062 denarum,
1847 2002 2355 2068 denariumque,“
2406 2002 2588 2068 quibus
2635 2002 2871 2053 dissimil-

726 2085 901 2136 limum
937 2074 987 2133 id
1026 2092 1119 2146 est,
1157 2088 1293 2151 quod
1328 2082 1581 2137 Imhofius
1614 2084 1727 2138 Ecl.
1764 2102 1812 2151 p.
1853 2089 1918 2137 28
1955 2094 2008 2137 et
2041 2086 2289 2137 Emendd.
2327 2087 2457 2139 Stat.
2495 2104 2544 2153 p.
2584 2089 2646 2137 11
2693 2098 2872 2137 verum

720 2183 830 2221 esse
866 2168 1160 2222 affirmavit:
1194 2170 1632 2239 Dimidiaeque
1669 2172 1863 2223 lacus.“

400 2274 543 2374 5..κὸ
559 2276 725 2403 ’,λη
854 2254 963 2305 Nec
998 2256 1063 2305 de
1099 2271 1249 2307 versu
1286 2258 1413 2308 209:

1096 2341 1184 2391 Me
1222 2358 1427 2407 quoque
1464 2342 1669 2394 vocales
1708 2342 1854 2393 lucos
1889 2342 1956 2391 lu
1971 2350 2294 2409 strataque
2332 2342 2531 2409 Tempe

1094 2426 1412 2488 Pulsantem‚
1454 2444 1568 2477 cum
1596 2428 1766 2493 stirpe
1804 2436 1892 2477 tua
1929 2430 2234 2479 descendere
2271 2427 2396 2489 dixi,

1095 2512 1366 2565 Admisere
1405 2514 1530 2563 deae
2195 2567 2201 2573 ‚

724 2608 813 2649 aut
846 2598 1105 2659 Heinsius,
1142 2600 1222 2649 cui
1258 2609 1518 2649 assensum
1555 2600 1796 2664 praebere
1833 2600 1986 2649 video
2025 2599 2372 2648 Burmannum
2409 2598 2604 2651 Lucan.
2642 2600 2736 2654 lv.
2770 2601 2872 2650 443

723 2697 774 2751 p.
814 2686 914 2735 266
952 2692 1003 2733 et
1036 2684 1253 2734 alterum
1291 2680 1650 2751 Burman‘num
1687 2684 1842 2749 Prop.
1881 2684 1950 2739 ΙΙ,
1991 2688 2036 2745 8,
2063 2686 2126 2735 29
2164 2701 2213 2750 p.
2241 2686 2357 2745 285,
2395 2686 2494 2735 hac
2531 2685 2870 2737 correctione:

724 2768 1231 2833 ,‚lustrandaque“
1284 2777 1373 2818 aut
1418 2768 1752 2819 Marklandus
1812 2770 1888 2820 his
1929 2770 2174 2820 inventis}
2229 2752 2714 2833 monstrataque.
2758 2770 2872 2820 As·

724 2852 1075 2920 craeaque“
1130 2862 1221 2903 aut
1256 2853 1587 2914 DuebneruS,
1645 2870 1793 2920 quem
1845 2870 1949 2904 non
1985 2856 2296 2905 nominatum
2334 2855 2562 2919 sequitur
2598 2854 2874 2916 Queckius,

724 2941 913 2991 codicis
949 2938 1291 3003 Rehdigerani
1328 2939 1616 2989 memoriam
1653 2940 1947 3005 inotaque
1983 2940 2058 2989 sic
2093 2942 2476 3005 interpretatus:
2513 2940 2872 3005 ignotaque,

723 3014 931 3075 videtur⁴
964 3033 1102 3074 recte
1138 3024 1515 3087 pronuntiasse.
1585 3024 1855 3075 Recolenti
1893 3026 2025 3075 enim
2061 3026 2274 3074 istorum
2311 3024 2632 3074 librariorum
2679 3040 2870 3076 morem

724 3120 777 3161 et
814 3111 1025 3161 eandem
1062 3109 1289 3158 litteram
1326 3108 1401 3158 bis
1438 3108 1736 3173 consignare
1775 3111 2142 3174 supersedendi
2181 3116 2234 3159 et
2271 3124 2384 3158 eum
2411 3110 2709 3159 admittendi
2737 3124 2873 3159 erro-

724 3211 829 3245 rem
869 3192 1044 3259 (Valg.
1081 3210 1132 3259 Ρ.
1172 3194 1287 3245 507.
1312 3192 1381 3257 a),
1432 3208 1532 3259 quo
1581 3202 1813 3245 correcto
1862 3198 2001 3259 apud
2037 3194 2368 3245 Catullum
2409 3196 2520 3255 196,
2556 3196 2590 3243 4
2643 3196 2875 3244 missas

724 3280 969 3331 amicitias
1022 3280 1075 3329 in
1122 3278 1295 3329 Sinide
1332 3280 1431 3332 111.
1470 3282 1505 3329 4
1538 3297 1587 3344 p.
1627 3282 1694 3331 60
1730 3290 1848 3333 not.·
1880 3284 1939 3330 11
1997 3281 2246 3331 voluimus
2299 3293 2418 3331 esse
2471 3294 2677 3330 nexas
2730 3278 2872 3343 (add.

724 3364 962 3429 Conject.
1006 3362 1205 3429 X1X.),
1243 3366 1467 3415 occurrit
1500 3365 1806 3415 vocabulum
1843 3372 2118 3416 semota:

1266 3451 1475 3500 vocales
1512 3451 1690 3501 lucos
1727 3458 2086 3515 semotaque
2123 3451 2332 3516 Tempe,

726 3538 863 3602 quod
899 3537 988 3592 sic.
1024 3542 1082 3586 ut
1114 3538 1165 3585 in
1196 3537 1553 3601 Rehdigerano
1590 3536 1722 3585 libro
1759 3534 1947 3587 factum
1983 3536 2232 3597 videmus,
2271 3538 2539 3601 scriptum:
2575 3538 2753 3587 inota
2789 3534 2877 3599 (cf.

731 3620 876 3675 ovid.
898 3620 1036 3671 Fast.
1060 3622 1153 3673 IV.
1178 3624 1279 3674 504
1312 3623 1579 3671 immota.
1620 3622 1748 3685 Reg.
1787 3620 2049 3685 ignota)
2088 3637 2238 3686 quam
2275 3621 2427 3671 facile
2462 3624 2694 3687 genuerit
2728 3624 2874 3672 illam

730 3722 905 3758 vocem
944 3708 1228 3767 lustrata
1243 3722 1342 3773 que
1380 3706 1714 3771 (luotaque)
1753 3708 1905 3756 docet
1939 3708 2020 3757 vel
2059 3706 2212 3757 Silius
2254 3706 2314 3759 V.
2356 3708 2480 3759 542:
2518 3708 2718 3757 misere
2753 3709 2874 3758 Fre-

721 3794 901 3858 gellae.
923 3793 1137 3860 Agripp.
1159 3794 1327 3845 Oxon.
1367 3806 1506 3843 vere:
1544 3793 1760 3843 luxere.
1788 3792 1993 3843 Arator.
2016 3792 2060 3852 Ι.
2085 3794 2211 3843 809:
2248 3793 2497 3857 lugentia
2523 3800 2673 3843 tecta.
2699 3792 2869 3845 Pulm.

726 3880 978 3943 Antverp.
1016 3880 1281 3943 ingentia.
1304 3878 1418 3930 Cul.
1449 3880 1575 3931 312:
1611 3878 1984 3930 lacrimante:
2021 3886 2464 3939 aruacremante‚
2503 3879 2565 3926 de
2592 3894 2692 3943 quo
2715 3878 2874 3943 paulo

720 3964 934 4014 inferius
972 3964 1178 4015 dicetur.
1218 3963 1397 4016 SinLV.
1420 3966 1517 4029 2Ρ.
1542 3966 1608 4014 90
1643 3972 1750 4015 not.
1788 3966 1962 4015 adnot,
2001 3965 2067 4013 ad
2105 3961 2233 4014 Stat.
2269 3964 2452 4027 Eclog.
2490 3979 2536 4013 V.
2559 3964 2625 4013 24
2642 3979 2691 4027 p.
2713 3964 2777 4013 37
2798 3978 2873 4027 sq.

722 4048 986 4100 Semota
1024 4051 1221 4116 Tempe
1257 4052 1444 4110 autem,
1481 4059 1537 4099 ut
1572 4057 1822 4099 semota
1857 4049 2058 4099 tellus
2097 4049 2218 4099 Val.
2241 4050 2428 4099 flacc.
2450 4047 2521 4102 11.
2545 4050 2658 4099 642.
2698 4048 2875 4100 Burm.

722 4136 882 4185 Anth.
920 4136 1036 4189 Lat.
1074 4136 1145 4185 11.
1187 4138 1268 4195 91,
1309 4138 1333 4183 1
1372 4152 1421 4201 p.
1462 4136 1578 4187 234.
1637 4135 1785 4186 Caes.
1823 4136 1884 4185 B.
1923 4132 1980 4185 Ο.
2018 4134 2058 4187 1.
2099 4126 2179 4195 84,
2219 4137 2246 4184 1
2285 4136 2531 4185 semoto
2569 4150 2602 4182 a
2635 4133 2875 4183 militibus

725 4220 854 4269 loco.
928 4220 1143 4281 Quintil.
1185 4221 1334 4272 Decl.
1371 4220 1414 4271 1.
1454 4223 1483 4270 2
1522 4237 1571 4284 p.
1609 4222 1664 4270 6:
1717 4220 1874 4270 filium
1913 4234 2123 4269 caecum
2167 4220 2218 4269 in
2276 4228 2516 4271 semota
2569 4220 2875 4285 penatium

722 4312 908 4369 parte
946 4305 1208 4369 seposuit“
1248 4302 1334 4368 (cf.
1372 4307 1404 4355 3
1433 4322 1489 4383 p.
1529 4308 1584 4356 8:
1625 4320 1690 4355 ex
1725 4306 1817 4355 illa
1852 4306 2107 4371 penatium
2145 4312 2290 4371 parte
2329 4312 2604 4355 secreta.
2628 4307 2690 4358 16
2722 4322 2771 4369 p.
2791 4306 2874 4355 36.
2959 4362 2966 4367 ,

724 4392 787 4441 15
824 4406 875 4455 Ρ.
914 4392 994 4441 34.
1037 4392 1095 4439 11
1135 4405 1185 4454 p.
1207 4391 1288 4441 30.
1312 4392 1374 4443 13
1411 4407 1461 4456 p.
1485 4392 1567 4451 32,
1617 4406 1768 4455 quem
1805 4392 1974 4441 locum
2013 4393 2078 4441 de
2115 4393 2418 4441 auctoritate
2456 4391 2721 4441 Arntzenii
2759 4390 2875 4441 Ma-
