3234 4967
1323 407 1546 462 Adnot.
1586 407 1671 460 58.
2485 405 2574 472 93

420 634 629 702 penes
695 611 1041 679 Heinsium
1109 613 1272 680 Aen.
1333 613 1458 681 XI.
1519 615 1653 681 392
1697 636 1763 702 p.
1811 611 1963 678 646.
2076 611 2327 680 Rursus
2394 614 2563 680 Mar-

418 717 732 788 klandus:
790 719 1005 804 „Ven.
1053 719 1420 809 reprendis
1465 743 1586 808 pro
1634 716 2020 808 reprendit,
2090 717 2267 806 quod
2334 741 2564 786 verum

419 847 558 891 esse
604 832 863 913 potest,
909 834 984 891 ut
1025 824 1262 893 Philet.
1311 827 1461 893 Urs.
1508 850 1575 893 v.
1630 828 1694 894 l:
1743 826 1955 892 Saeve
2001 825 2213 908 nimis,
2283 822 2566 893 lacrimis

419 931 709 1021 quisquis
779 930 1156 999 discrimina
1209 933 1444 1022 ponis“
1503 930 1614 1022 (cf.
1658 933 1897 998 -Burm.
1947 928 2147 996 Ovid.
2203 929 2352 998 Am.
2403 934 2451 1000 1.
2501 935 2562 1017 7,

419 1039 462 1102 2
504 1060 572 1127 Ρ.
619 1035 752 1102 350
795 1044 866 1102 et
923 1036 1123 1104 Trist.
1156 1038 1274 1105 ΙΙΙ.
1350 1039 1453 1121 11,
1524 1035 1610 1103 56
1680 1061 1745 1126 Ρ.
1794 1034 1954 1126 592)
2022 1035 2269 1103 nullam
2336 1037 2565 1105 habuit

417 1145 740 1209 rationem
784 1164 909 1209 nec
967 1164 1196 1211 versus
1263 1143 1381 1210 60:
1439 1143 1743 1232 Imperii,
1812 1142 2134 1227 Fortuna,
2204 1145 2374 1209 tui“
2443 1167 2565 1211 nec

415 1247 604 1315 verbi
650 1247 900 1333 audet3
969 1248 1095 1315 hoc
1149 1250 1323 1316 enim
1367 1250 1437 1314 in
1491 1271 1556 1314 v.
1605 1248 1687 1313 61
1738 1247 2019 1336 positum
2077 1247 2350 1336 legitur,
2428 1273 2561 1317 non

419 1355 549 1422 aud
565 1369 667 1422 es.
784 1354 1005 1439 Quare
1064 1355 1268 1421 satius
1321 1354 1587 1422 videtur
1646 1354 1845 1420 fuisse
1903 1354 2199 1420 Venetae
2246 1355 2557 1424 editionis

415 1461 815 1545 memoriam,
865 1483 1032 1549 quae
1068 1461 1313 1527 eadem
1357 1469 1458 1527 est
1485 1458 1935 1545 Rehdigerani
1978 1459 2149 1544 libri,
2198 1462 2560 1550 rependis

419 1567 837 1634 similitudine
863 1570 1004 1657 ejus
1027 1589 1344 1634 excusare
1361 1566 1621 1650 erroris,
1648 1588 1776 1655 quo
1792 1589 1855 1633 v.
1883 1564 1965 1634 63
1988 1567 2059 1631 in
2083 1565 2315 1634 eodem
2331 1568 2565 1636 Rehdi·

419 1695 665 1760 gerano
687 1674 1140 1760 consignatum
1169 1681 1270 1739 est
1293 1672 1568 1756 obstet,
1592 1693 1724 1737 non
1744 1694 1872 1760 quo
1903 1693 2066 1761 opus
2090 1683 2289 1740 esset:
2316 1673 2514 1741 obste
2535 1699 2566 1742 s

419 1779 532 1860 (cf.
548 1778 885 1848 Theb.lX.
896 1779 1026 1846 343
1038 1781 1296 1868 inrump
1312 1779 1413 1844 is:
1440 1779 1772 1866 inrumpit
1796 1777 1931 1846 vid.
1942 1778 2239 1868 Oonject.
2252 1779 2341 1846 X.
2360 1778 2559 1848 ovid.

419 1887 606 1954 Fast.
629 1886 688 1952 I.
710 1885 840 1952 523
865 1886 1070 1975 Troja
1091 1906 1372 1974 resurge
1390 1908 1441 1950 s.
1475 1883 1695 1952 Guelf.
1720 1894 2061 1972 resurget.
2087 1884 2216 1952 533
2240 1884 2395 1952 licet
2416 1887 2557 1976 ipse

421 2015 608 2060 recus
626 2001 721 2059 et.
812 1992 1040 2059 Petav.
1089 2013 1392 2058 recuses.
1439 1991 1569 2056 559
1599 1991 1773 2057 Jove
1802 2000 1996 2058 natus
2042 1991 2286 2060 abibat.
2332 1994 2561 2061 Petav.

421 2098 572 2167 abib
591 2099 702 2166 a's.
751 2099 950 2166 Trist.
982 2097 1095 2165 lV.
1130 2099 1192 2184 2,
1225 2097 1311 2164 55
1340 2106 1504 2186 pete
1523 2121 1553 2163 s
1585 2119 1829 2164 arcum.
1862 2098 2027 2186 Reg.
2059 2099 2259 2166 Bern.
2290 2111 2559 2189 petant.

418 2205 560 2272 Pal.
606 2215 896 2294 petunt.
943 2205 1140 2294 Prop.
1187 2205 1271 2271 11.
1305 2205 1412 2288 20,
1459 2205 1546 2270 33
1592 2205 1865 2292 poteris
1910 2227 2320 2294 componere.
2352 2207 2559 2272 Ment.

421 2311 608 2379 Leid.
640 2334 741 2401 pr.
774 2312 1055 2401 poterit.
1091 2309 1437 2379 Claudian.
1467 2309 1574 2376 Pr.
1609 2309 1808 2377 Cons.
1840 2309 1981 2377 Stil.
2016 2311 2091 2375 ΙΙ.
2126 2311 2257 2378 364
2302 2313 2563 2402 incepta

421 2416 794 2486 secundat.
842 2418 1036 2485 Voss.
1071 2415 1436 2484 secundas.
1480 2415 1683 2505 Nupt.
1728 2415 1903 2482 Hon.
1951 2417 2109 2484 3302
2158 2418 2309 2486 Non
2342 2419 2562 2486 odium

417 2533 674 2590 terrore
718 2546 967 2591 moves
1027 2546 1151 2591 nec
1195 2525 1384 2592 frena
1425 2522 1697 2590 resolvit
1742 2522 1995 2590 Gratia.
2064 2523 2220 2590 Jun.
2290 2547 2489 2592 move
2508 2535 2554 2591 t.

419 2629 704 2698 Martial.
752 2631 840 2697 X.
890 2632 1007 2716 32,
1065 2633 1107 2697 3
1153 2652 1392 2717 rogas.
1439 2626 1644 2696 Wolf.
1691 2638 1908 2716 rogat
1953 2629 2036 2696 cf.
2107 2630 2283 2696 vlu.
2332 2632 2451 2714 21,
2522 2634 2563 2697 8

420 2735 592 2804 alma
634 2759 930 2826 parens.
983 2733 1162 2805 Voss.
1210 2759 1309 2826 pr.
1357 2744 1649 2824 parent.
1709 2733 1980 2819 Quintil.
2027 2735 2222 2802 Decl.
2271 2740 2315 2803 1.
2368 2739 2449 2803 16
2495 2762 2561 2828 p.

419 2843 504 2910 35
551 2845 740 2933 quasi
783 2843 1171 2928 abdicaret,
1243 2843 1431 2932 quasi
1475 2839 1880 2930 expelleret.
1947 2841 2136 2908 Leid.
2195 2865 2322 2910 sec.
2368 2845 2563 2912 Voss.

420 2949 745 3018 abdicare
760 2974 810 3017 s.
857 2950 978 3016 111.
1025 2951 1067 3016 3
1112 2973 1179 3039 p.
1227 2949 1314 3016 62
1361 2971 1556 3036 quam
1601 2971 1793 3015 nemo
1840 2946 2230 3038 appellaret
2273 2951 2559 3040 impune.

417 3056 607 3123 Leid.
655 3078 786 3124 sec.
835 3054 1284 3145 appellasses.
1345 3052 1511 3121 vlu.
1572 3055 1607 3119 7
1657 3078 1723 3144 p.
1796 3055 1918 3120 171
1969 3064 2362 3145 potestatem
2438 3057 2562 3125 sibi

419 3162 805 3230 vindicavit
835 3163 1125 3229 affectus.
1159 3162 1352 3228 Voss.
1398 3182 1498 3249 pr.
1531 3160 1922 3229 vindicabis
1969 3163 2050 3227 cf.
2081 3161 2311 3231 Heins.
2362 3162 2560 3232 Ovid.

423 3270 583 3336 Her.
630 3269 718 3336 X.
771 3269 856 3338 75
885 3293 950 3360 p.
987 3269 1135 3335 140.
1184 3267 1364 3335 Cort.
1397 3266 1646 3334 Lucan.
1694 3264 1769 3332 V.
1818 3268 1924 3351 61,
1972 3290 2036 3357 p.
2082 3267 2267 3358 572).
2314 3269 2561 3338 Verum

417 3375 548 3444 alia
591 3399 710 3444 nos
757 3375 1007 3465 excipit
1039 3374 1383 3444 dubitandi
1415 3397 1614 3442 causa
1644 3373 1964 3463 aliterque
2010 3375 2341 3444 mirabilis.
2391 3378 2561 3447 Nam

419 3481 589 3552 belle
633 3483 1005 3551 mehercule
1049 3492 1288 3573 poetae
1336 3483 1699 3550 orationem
1746 3483 2121 3550 interventu
2168 3506 2285 3551 suo
2333 3484 2562 3554 distin-

417 3591 560 3678 guit
590 3600 877 3658 autemz
911 3590 1256 3675 Quisnam
1287 3597 1552 3656 autem
1583 3589 1867 3677 gemitus
1895 3587 2305 3680 lamentaque
2336 3601 2561 3660 nostra

418 3696 842 3787 reprendit?“
924 3697 1072 3786 Age
1126 3719 1351 3788 porro:
1419 3696 1488 3762 in
1535 3718 1614 3762 eo
1661 3693 1839 3781 loc0,
1908 3697 1976 3762 in
2049 3720 2176 3788 quo
2246 3701 2556 3785 maiorem

417 3827 566 3872 esse
615 3805 930 3872 sermonis
975 3806 1110 3872 vim
1156 3813 1223 3871 et
1265 3801 1721 3872 vehementem
1768 3801 2048 3892 aliquem
2107 3825 2367 3871 sensum
2414 3829 2560 3882 con-

426 3915 658 3978 sistere
705 3914 906 3978 sentis
952 3935 1030 3978 ac
1058 3912 1366 4002 percipis,
1414 3911 1643 4000 quanti
1672 3919 1744 3976 tu
1789 3931 2015 3977 censes
2063 3931 2204 3977 esse
2250 3911 2561 4000 ponderis

413 4018 689 4086 verbum
733 4016 1450 4108 reprehendendi?
1522 4017 1720 4102 Quod
1774 4015 1970 4104 longe
2027 4016 2301 4085 inferius
2347 4029 2448 4086 est
2491 4022 2561 4087 vi

415 4126 558 4216 ejus
625 4125 848 4210 verbi,
918 4124 1096 4215 quod
1162 4123 1402 4213 legitur
1468 4122 1629 4192 Silv.
1700 4123 1781 4189 ΙΙ.
1852 4123 1915 4207 6,
1993 4123 2109 4190 18:
2181 4125 2561 4214 Castigat

414 4229 704 4298 luctus.
795 4231 1104 4316 Accedit,
1175 4230 1349 4320 quod
1417 4233 1486 4297 in
1532 4253 1610 4297 eo
1657 4228 1834 4314 loco,
1905 4231 1973 4298 in
2043 4254 2171 4321 quo
2243 4232 2324 4301 de
2388 4236 2559 4322 justo

417 4335 662 4404 doloris
708 4347 775 4404 et
819 4336 1088 4427 pudoris
1131 4337 1328 4404 modo
1375 4339 1731 4428 quaeritur,
1779 4337 2241 4404 alienissimum
2275 4348 2374 4406 est
2419 4362 2559 4407 ver-

418 4442 570 4510 bum
619 4443 1278 4531 reprehendendi
1324 4446 1415 4510 sic
1459 4445 1902 4531 interpretari,
1953 4454 2025 4508 ut
2054 4467 2302 4512 memor
2334 4443 2558 4509 Ovidii
