3234 4967
636 380 761 444 106
1017 376 1026 385 ’
1532 382 1759 436 Adnot.
1808 382 1890 434 66.

636 570 788 639 libri
822 571 1105 637 Varroni
1138 566 1365 635 donati
1399 570 1718 657 originem
1756 570 1883 636 hoc
1913 570 2109 637 modo
2142 570 2532 637 monstravit
2561 568 2788 637 Isidor.

630 676 733 743 Vl.
788 678 890 758 12,
944 677 975 741 1
1027 699 1087 763 p.
1143 676 1295 741 197:
1344 677 1527 742 Haec
1572 676 1696 743 tibi
1747 715 1832 725 --
1886 676 2290 748 Prusiaca
2334 679 2488 743 vexi
2517 700 2790 744 munera

632 780 1076 864 navicula“,
1127 790 1193 845 et
1238 803 1322 846 ex
1369 782 1448 847 iis
1496 782 1696 869 ipsiS,
1769 804 1935 869 quae
1996 780 2193 847 modo
2266 784 2786 869 argumentando

632 889 979 977 exsequuti
1025 911 1264 970 sumus,
1326 888 1754 953 manifestum
1806 897 1904 954 est
1952 897 2362 976 arguuntque
2410 912 2541 955 non
2590 884 2814 955 dubie'
2843 934 2856 949 .

632 996 763 1061 loci
808 992 966 1060 Silv.
1013 992 1079 1059 ll.
1133 996 1191 1077 1,
1246 995 1361 1059 73:
1410 994 1550 1057 Nec
1594 994 1841 1058 mixtus
1898 992 2234 1059 Phariis
2281 994 2536 1060 venalis
2581 1019 2788 1062 mer-

633 1099 865 1165 cibus
911 1100 1123 1165 infans
1189 1098 1808 1187 Compositosque
1871 1098 2036 1164 sales
2087 1101 2530 1189 meditataque
2577 1102 2782 1167 verba

631 1206 938 1294 loquutus
993 1206 1323 1288 Quaesisti
1369 1205 1737 1271 lascivus
1783 1205 2054 1271 herum“
2081 1206 2502 1295 Senecaeque
2553 1208 2781 1275 Const.

632 1312 787 1399 Sap.
840 1314 951 1377 11:
1001 1334 1242 1399 pueros
1294 1312 1556 1399 quidem
1588 1313 1659 1377 in
1699 1312 1826 1377 hoc
1870 1322 2335 1378 mercantur
2379 1336 2782 1401 procaces

634 1428 701 1483 et
760 1440 983 1484 eorum
1032 1418 1523 1506 ,impudentiam
1582 1428 1825 1484 acuunt
1869 1457 1958 1468 --
2002 1420 2113 1507 qui
2181 1419 2426 1507 probra
2470 1421 2782 1487 meditate

633 1524 1057 1608 effimdant‚“
1110 1525 1341 1613 quibus
1364 1523 1523 1592 locis
1568 1526 1670 1592 usi
1719 1534 1868 1591 sunt
1895 1524 2246 1591 Gevartius
2294 1550 2356 1614 p.
2406 1524 2556 1592 577.
2606 1518 2683 1593 B.
2713 1538 2778 1593 ct

630 1620 1059 1719 Dempsterus
1136 1632 1179 1697 l.
1243 1632 1305 1697 d.
1366 1656 1429 1719 p.
1484 1632 1639 1729 393.
1699 1632 1773 1697 O.
1833 1632 1914 1697 F.
1974 1632 2065 1695 Et
2109 1632 2216 1697 hic
2284 1632 2546 1719 quidem
2614 1636 2786 1700 inter

631 1739 842 1825 ipsam
876 1738 1051 1803 h'unc
1081 1737 1373 1803 libellum
1403 1738 1799 1826 profligandi
1822 1738 2302 1804 festinationem
2337 1760 2423 1804 cx
2451 1741 2784 1828 insperato

632 1868 769 1909 rem
820 1845 905 1910 ad
930 1845 1228 1911 notitiam
1280 1846 1565 1909 maxime
1612 1846 2064 1932 pertinentem·
2097 1845 2397 1910 edoceor.
2489 1847 2785 1935 Namque

632 1953 700 2015 in
748 1938 1043 2017 extrema
1074 1974 1173 2033 ea,
1223 1972 1352 2039 qua
1382 1952 1811 2034 verissimum,
1845 1960 1920 2016 ut
1949 1952 2074 2039 ipsi
2116 1952 2321 2016 visum
2358 1961 2478 2035 est,
2526 1952 2784 2019 Heinsii

636 2059 970 2122 inventum
1016 2058 1296 2145 pubem
1354 2058 1766 2123 commendat
1827 2057 2288 2140 Marklandus‘‚
2361 2060 2785 2125 adnotatione

636 2187 698 2251 p.
746 2164 898 2229 409.
946 2165 1011 2232 b.
1058 2164 1222 2229 haec
1266 2166 1529 2230 invenio
1577 2165 1832 2231 addit-a:
1892 2164 2047 2248 „Ex
2093 2188 2218 2253 quo
2265 2164 2588 2231 Martialis
2645 2165 2787 2231 loco

638 2292 855 2358 aeque
880 2270 1045 2336 bene
1077 2270 1298 2357 legere
1331 2294 1557 2359 posses
1591 2272 1659 2336 in
1689 2270 1900 2339 Statio
1945 2272 2248 2360 loquaces
2294 2272 2561 2361 Nequi
2583 2274 2782 2356 tias,

636 2393 812 2482 quod
857 2417 897 2459 a
974 2384 1081 2477 τῷ
1138 2394 1541 2461 Aedituas
1610 2419 1743 2477 non
1811 2396 2070 2483 longius
2141 2397 2356 2479 abest,
2432 2420 2622 2484 quam
2709 2381 2784 2452 τί)

634 2499 1067 2566 (ΙθἸίοἱειε.“
1153 2501 1335 2587 Ergo
1382 2501 1507 2566 hoc
1564 2502 1826 2589 quidem
1888 2504 1955 2566 in
2002 2500 2146 2567 loco
2203 2504 2344 2568 veri
2391 2502 2610 2591 aliqua
2656 2525 2787 2567 sus-

635 2608 806 2693 picio
853 2610 1330 2694 perstrinxerat
1375 2609 1657 2672 animum
1706 2608 2078 2673 Marklandi
2094 2659 2111 2691 ,
2187 2631 2354 2697 quae
2413 2619 2658 2697 quanto
2717 2610 2786 2674 in

634 2712 1004 2778 discrimine
1051 2712 1356 2802 ponenda
1402 2713 1573 2779 esset
1619 2738 1741 2781 nee
1787 2717 1926 2803 ipse
1973 2716 2268 2803 percepit
2316 2736 2437 2781 nec
2481 2716 2784 2782 Duebne—

631 2842 745 2885 rus
776 2828 890 2885 aut
922 2820 1081 2885 alius
1114 2804 1453 2911 quisquam
1488 2823 1880 2911 exploravit.
1963 2823 2375 2910 Quamquam
2426 2826 2565 2910 ipse
2613 2846 2785 2887 nunc

632 2926 936 2993 Martiale
962 2928 1357 3015 posthabito‘
1382 2928 1580 2993 malui
1614 2928 1685 2992 id
1709 2950 2100 3015 proponere,
2139 2928 2314 3016 quod
2341 2936 2407 2992 et
2431 2928 2788 2993 modestius

635 3032 762 3097 dici
810 3042 876 3099 et
922 3058 961 3099 a
1005 3033 1317 3101 librorum
1362 3037 1680 3100 memoria
1735 3036 2004 3122 propius
2052 3034 2283 3100 abesse
2332 3034 2695 3100 videretur:

944 3165 1208 3211 mercatus
1250 3158 1439 3211 Pharia
1480 3159 1546 3210 de
1585 3175 1766 3229 puppe
1805 3158 2057 3227 loquaces

845 3244 1251 3297 Blanditias.

640 3347 835 3430 Quod
881 3366 1117 3411 nomen
1164 3348 1445 3412 maxime
1479 3344 1992 3411 commendabile
2039 3348 2195 3413 facit
2241 3358 2307 3412 et
2350 3347 2788 3436 discrepantia

635 3452 949 3519 librorum
977 3452 1171 3541 Prop.
1199 3452 1319 3517 IV.
1348 3452 1411 3537 6,
1450 3454 1535 3519 72
1567 3452 2149 3542 Blanditiaeque.
2178 3454 2362 3520 Vatt.
2391 3454 2789 3520 Blandidu-

636 3569 895 3649 taeque.
947 3560 1127 3626 Perr.
1154 3560 1443 3627 Blandid
1459 3560 1734 3649 ulaeque
1761 3570 1829 3625 et
1857 3582 1934 3625 ea
1961 3582 2099 3644 res,
2131 3560 2304 3648 quod
2331 3582 2605 3647 quorum
2633 3560 2789 3625 cari-

637 3676 737 3733 tas
784 3675 851 3732 et
899 3668 1171 3733 affectus
1217 3667 1500 3752 „osculis
1533 3665 1997 3755 blanditiisque
2041 3671 2444 3755 quaeratur“
2483 3665 2786 3755 (Quintil.

636 3775 824 3840 Deel.
850 3774 911 3842 ll.
946 3776 983 3841 7
1009 3799 1070 3864 p.
1098 3774 1239 3864 44),
1268 3796 1379 3840 eos
1404 3775 1581 3862 ipsos
1608 3776 1739 3841 d'ici
1765 3774 2014 3841 bland
2029 3775 2264 3858 itiam,
2308 3798 2344 3839 0
2363 3772 2585 3839 scula
2621 3795 2788 3839 eom·

638 3882 921 3971 probare
938 3904 1131 3970 posse
1148 3880 1549 3949 videorlocis
1565 3880 1841 3948 Ausonii
1857 3878 2179 3969 ldyll.Vll.
2197 3904 2262 3967 p.
2277 3880 2426 3945 342:
2441 3878 2785 3962 Delicium,

638 3988 1140 4072 blanditiae,
1188 3986 1402 4073 luduS,
1440 4012 1642 4073 amor,
1681 3988 1983 4078 voluptas
2013 3987 2318 4055 Bissula“
2367 3996 2434 4052 et
2465 3986 2788 4053 Martialis

638 4098 721 4161 V.
770 4096 875 4179 35,
928 4098 997 4161 2:
1049 4096 1347 4163 Oscula
1377 4096 1768 4162 commendo¹
1801 4094 2194 4185 deliciasque
2229 4098 2474 4178 meaS,“
2505 4095 2810 4182 itemque·

642 4204 767 4267 aff
774 4206 1007 4267 'ectus
1054 4206 1277 4269 vocari
1323 4203 1565 4271 liberos
1598 4211 1664 4267 et
1709 4204 2045 4291 proximos
2090 4224 2378 4291 quosque
2428 4200 2789 4266 docuerunt

643 4309 1071 4375 casaubonus
1139 4308 1416 4398 Capitol.
1484 4310 1822 4375 Maximin.
1875 4310 1959 4375 23
2006 4332 2069 4397 p.
2118 4308 2223 4373 55.
2272 4308 2520 4373 Savaro
2565 4306 2786 4373 Sidon.

638 4413 928 4505 Apollin.
962 4416 1087 4503 Ep.
1120 4415 1231 4481 Vl:
1277 4417 1319 4479 4
1366 4440 1429 4503 p.
1478 4415 1633 4481 388.
1681 4414 1992 4481 Barthius
2027 4414 2366 4482 Claudian.
2404 4414 2634 4500 Epigr.
2683 4414 2788 4494 33,
