<?xml version="1.0" encoding="UTF-8"?>
<!DOCTYPE html PUBLIC "-//W3C//DTD XHTML 1.0 Transitional//EN"
    "http://www.w3.org/TR/xhtml1/DTD/xhtml1-transitional.dtd">
<html xmlns="http://www.w3.org/1999/xhtml" xml:lang="en" lang="en">
 <head>
  <title>
</title>
<meta http-equiv="Content-Type" content="text/html;charset=utf-8" />
  <meta name='ocr-system' content='tesseract 3.04.00' />
  <meta name='ocr-capabilities' content='ocr_page ocr_carea ocr_par ocr_line ocrx_word'/>
</head>
<body>
  <div class='ocr_page' id='page_1' title='image "./ppapiniistatiie00ungegoog_0294.png"; bbox 0 0 3234 4967; ppageno 0'>
   <div class='ocr_carea' id='block_1_1' title="bbox 775 389 877 438">
    <p class='ocr_par' dir='ltr' id='par_1_1' title="bbox 775 389 877 438">
     <span class='ocr_line' id='line_1_1' title="bbox 775 389 877 438; baseline 0 0"><span class='ocrx_word' id='word_1_1' title='bbox 775 389 877 438; x_wconf 81' lang='lat'><strong>286</strong></span> 
     </span>
    </p>
   </div>
   <div class='ocr_carea' id='block_1_2' title="bbox 1507 347 2189 454">
    <p class='ocr_par' dir='ltr' id='par_1_2' title="bbox 1507 347 2189 454">
     <span class='ocr_line' id='line_1_2' title="bbox 1507 347 2189 454; baseline 0.007 -14"><span class='ocrx_word' id='word_1_2' title='bbox 1507 347 1857 454; x_wconf 30' lang='lat' dir='ltr'><strong>Corrigenda..</strong></span> <span class='ocrx_word' id='word_1_3' title='bbox 1914 389 2189 446; x_wconf 72' lang='lat' dir='ltr'><strong>Addenda·</strong></span> 
     </span>
    </p>
   </div>
   <div class='ocr_carea' id='block_1_3' title="bbox 909 555 2935 712">
    <p class='ocr_par' dir='ltr' id='par_1_3' title="bbox 909 555 2935 712">
     <span class='ocr_line' id='line_1_3' title="bbox 909 555 2935 638; baseline 0.003 -32"><span class='ocrx_word' id='word_1_4' title='bbox 909 556 967 612; x_wconf 85' lang='lat' dir='ltr'><strong>P.</strong></span> <span class='ocrx_word' id='word_1_5' title='bbox 1007 559 1090 620; x_wconf 90' lang='grc'><strong>36,</strong></span> <span class='ocrx_word' id='word_1_6' title='bbox 1127 559 1210 609; x_wconf 99' lang='grc'><strong>27.</strong></span> <span class='ocrx_word' id='word_1_7' title='bbox 1247 555 1314 609; x_wconf 86' lang='lat' dir='ltr'><strong>V.</strong></span> <span class='ocrx_word' id='word_1_8' title='bbox 1365 561 1446 613; x_wconf 86' lang='grc'><strong>22.</strong></span> <span class='ocrx_word' id='word_1_9' title='bbox 1519 557 1768 612; x_wconf 77' lang='lat' dir='ltr'><strong>Similiter</strong></span> <span class='ocrx_word' id='word_1_10' title='bbox 1814 559 2010 612; x_wconf 74' lang='lat' dir='ltr'><strong>Statius</strong></span> <span class='ocrx_word' id='word_1_11' title='bbox 2054 559 2219 615; x_wconf 78' lang='lat' dir='ltr'><strong>Theb.</strong></span> <span class='ocrx_word' id='word_1_12' title='bbox 2265 560 2364 612; x_wconf 91' lang='lat' dir='ltr'><strong>XI.</strong></span> <span class='ocrx_word' id='word_1_13' title='bbox 2422 561 2551 613; x_wconf 85' lang='grc'><strong>6063</strong></span> <span class='ocrx_word' id='word_1_14' title='bbox 2582 562 2789 638; x_wconf 21' lang='lat' dir='ltr'><strong>‘Vincis</strong></span> <span class='ocrx_word' id='word_1_15' title='bbox 2848 576 2935 612; x_wconf 89' lang='lat' dir='ltr'><strong>me</strong></span> 
     </span>
     <span class='ocr_line' id='line_1_4' title="bbox 1165 644 2933 712; baseline 0.003 -20"><span class='ocrx_word' id='word_1_16' title='bbox 1165 644 1173 653; x_wconf 87' lang='lat'>&#39;</span> <span class='ocrx_word' id='word_1_17' title='bbox 1250 644 1517 706; x_wconf 80' lang='lat' dir='ltr'><strong>miserum,</strong></span> <span class='ocrx_word' id='word_1_18' title='bbox 1565 645 1748 706; x_wconf 77' lang='lat' dir='ltr'><strong>vincis,</strong></span> <span class='ocrx_word' id='word_1_19' title='bbox 1797 653 2055 707; x_wconf 88' lang='lat' dir='ltr'><strong>natura,</strong></span> <span class='ocrx_word' id='word_1_20' title='bbox 2102 644 2414 712; x_wconf 86' lang='lat' dir='ltr'><strong>parentem“.</strong></span> <span class='ocrx_word' id='word_1_21' title='bbox 2486 645 2567 698; x_wconf 82' lang='lat' dir='ltr'><strong>cf.</strong></span> <span class='ocrx_word' id='word_1_22' title='bbox 2604 647 2730 699; x_wconf 82' lang='lat' dir='ltr'><strong>silv.</strong></span> <span class='ocrx_word' id='word_1_23' title='bbox 2768 645 2841 697; x_wconf 89' lang='grc' dir='ltr'><strong>Π.</strong></span> <span class='ocrx_word' id='word_1_24' title='bbox 2884 649 2933 706; x_wconf 84' lang='grc'><strong>1,</strong></span> 
     </span>
    </p>
   </div>
   <div class='ocr_carea' id='block_1_4' title="bbox 913 799 1223 1048">
    <p class='ocr_par' dir='ltr' id='par_1_4' title="bbox 913 799 1223 1048">
     <span class='ocr_line' id='line_1_5' title="bbox 913 799 1222 875; baseline -0.003 -11"><span class='ocrx_word' id='word_1_25' title='bbox 913 799 978 850; x_wconf 62' lang='lat' dir='ltr'><strong>-L</strong></span> <span class='ocrx_word' id='word_1_26' title='bbox 1015 813 1102 875; x_wconf 82' lang='lat'><strong>44,</strong></span> <span class='ocrx_word' id='word_1_27' title='bbox 1141 813 1222 864; x_wconf 84' lang='lat'><strong>34.</strong></span> 
     </span>
     <span class='ocr_line' id='line_1_6' title="bbox 915 985 1223 1048; baseline 0 -12"><span class='ocrx_word' id='word_1_28' title='bbox 915 1009 977 1020; x_wconf 93' lang='lat'>—</span> <span class='ocrx_word' id='word_1_29' title='bbox 1019 985 1104 1048; x_wconf 81' lang='lat'><strong>46,</strong></span> <span class='ocrx_word' id='word_1_30' title='bbox 1176 988 1223 1036; x_wconf 84' lang='lat'><strong>8.</strong></span> 
     </span>
    </p>
   </div>
   <div class='ocr_carea' id='block_1_5' title="bbox 913 1156 1218 1219">
    <p class='ocr_par' dir='ltr' id='par_1_5' title="bbox 913 1156 1218 1219">
     <span class='ocr_line' id='line_1_7' title="bbox 913 1156 1218 1219; baseline 0 -13"><span class='ocrx_word' id='word_1_31' title='bbox 913 1179 978 1191; x_wconf 93' lang='lat'><em>-</em></span> <span class='ocrx_word' id='word_1_32' title='bbox 1014 1156 1100 1219; x_wconf 78' lang='lat'><strong>4⁷,</strong></span> <span class='ocrx_word' id='word_1_33' title='bbox 1137 1157 1218 1206; x_wconf 83' lang='lat'><strong>21.</strong></span> 
     </span>
    </p>
   </div>
   <div class='ocr_carea' id='block_1_6' title="bbox 918 2009 1223 2157">
    <p class='ocr_par' dir='ltr' id='par_1_6' title="bbox 918 2009 1223 2157">
     <span class='ocr_line' id='line_1_8' title="bbox 918 2009 1221 2072; baseline 0.007 -12"><span class='ocrx_word' id='word_1_34' title='bbox 918 2033 983 2045; x_wconf 87' lang='lat'><strong>·—</strong></span> <span class='ocrx_word' id='word_1_35' title='bbox 1019 2009 1103 2072; x_wconf 83' lang='lat'><strong>49,</strong></span> <span class='ocrx_word' id='word_1_36' title='bbox 1139 2011 1221 2062; x_wconf 80' lang='lat'><strong>35.</strong></span> 
     </span>
     <span class='ocr_line' id='line_1_9' title="bbox 924 2097 1223 2157; baseline 0.003 -11"><span class='ocrx_word' id='word_1_37' title='bbox 924 2119 986 2135; x_wconf 85' lang='lat'><strong>·-</strong></span> <span class='ocrx_word' id='word_1_38' title='bbox 1024 2097 1106 2157; x_wconf 80' lang='lat'><strong>50,</strong></span> <span class='ocrx_word' id='word_1_39' title='bbox 1141 2097 1223 2147; x_wconf 83' lang='lat'><strong>36.</strong></span> 
     </span>
    </p>
   </div>
   <div class='ocr_carea' id='block_1_7' title="bbox 854 2266 1227 2412">
    <p class='ocr_par' dir='ltr' id='par_1_7' title="bbox 854 2266 1227 2412">
     <span class='ocr_line' id='line_1_10' title="bbox 854 2266 1227 2327; baseline -0.003 -11"><span class='ocrx_word' id='word_1_40' title='bbox 854 2273 860 2284; x_wconf 87' lang='lat'>&#39;</span> <span class='ocrx_word' id='word_1_41' title='bbox 923 2289 988 2300; x_wconf 92' lang='lat'><strong>—</strong></span> <span class='ocrx_word' id='word_1_42' title='bbox 1025 2266 1107 2327; x_wconf 83' lang='lat'><strong>51,</strong></span> <span class='ocrx_word' id='word_1_43' title='bbox 1180 2267 1227 2316; x_wconf 90' lang='grc'><strong>7.</strong></span> 
     </span>
     <span class='ocr_line' id='line_1_11' title="bbox 920 2350 1223 2412; baseline 0.01 -12"><span class='ocrx_word' id='word_1_44' title='bbox 920 2375 984 2386; x_wconf 88' lang='grc'>-</span> <span class='ocrx_word' id='word_1_45' title='bbox 1022 2350 1104 2412; x_wconf 84' lang='grc'><strong>64,</strong></span> <span class='ocrx_word' id='word_1_46' title='bbox 1140 2351 1223 2404; x_wconf 85' lang='grc'><strong>30.</strong></span> 
     </span>
    </p>
   </div>
   <div class='ocr_carea' id='block_1_8' title="bbox 851 2521 1227 2583">
    <p class='ocr_par' dir='ltr' id='par_1_8' title="bbox 851 2521 1227 2583">
     <span class='ocr_line' id='line_1_12' title="bbox 851 2521 1227 2583; baseline 0.008 -14"><span class='ocrx_word' id='word_1_47' title='bbox 851 2535 856 2542; x_wconf 93' lang='grc'>-</span> <span class='ocrx_word' id='word_1_48' title='bbox 923 2542 986 2556; x_wconf 47' lang='grc'><strong>*-</strong></span> <span class='ocrx_word' id='word_1_49' title='bbox 1025 2521 1109 2583; x_wconf 75' lang='lat'><strong>70,</strong></span> <span class='ocrx_word' id='word_1_50' title='bbox 1147 2521 1227 2572; x_wconf 82' lang='lat'><strong>23.</strong></span> 
     </span>
    </p>
   </div>
   <div class='ocr_carea' id='block_1_9' title="bbox 924 2691 1230 2752">
    <p class='ocr_par' dir='ltr' id='par_1_9' title="bbox 924 2691 1230 2752">
     <span class='ocr_line' id='line_1_13' title="bbox 924 2691 1230 2752; baseline 0.023 -14"><span class='ocrx_word' id='word_1_51' title='bbox 924 2715 988 2724; x_wconf 91' lang='lat'><strong>—</strong></span> <span class='ocrx_word' id='word_1_52' title='bbox 1028 2691 1110 2752; x_wconf 73' lang='grc'><strong>71,</strong></span> <span class='ocrx_word' id='word_1_53' title='bbox 1146 2691 1230 2745; x_wconf 81' lang='grc'><strong>25.</strong></span> 
     </span>
    </p>
   </div>
   <div class='ocr_carea' id='block_1_10' title="bbox 924 3035 1231 3266">
    <p class='ocr_par' dir='ltr' id='par_1_10' title="bbox 924 3035 1231 3266">
     <span class='ocr_line' id='line_1_14' title="bbox 926 3035 1228 3096; baseline 0.003 -11"><span class='ocrx_word' id='word_1_54' title='bbox 926 3058 989 3069; x_wconf 90' lang='grc'><strong>·-·</strong></span> <span class='ocrx_word' id='word_1_55' title='bbox 1027 3035 1109 3096; x_wconf 88' lang='grc'><strong>73,</strong></span> <span class='ocrx_word' id='word_1_56' title='bbox 1148 3037 1228 3086; x_wconf 90' lang='grc'><strong>10.</strong></span> 
     </span>
     <span class='ocr_line' id='line_1_15' title="bbox 927 3123 1231 3172; baseline 0 0"><span class='ocrx_word' id='word_1_57' title='bbox 927 3145 993 3156; x_wconf 93' lang='lat'><strong>-·</strong></span> <span class='ocrx_word' id='word_1_58' title='bbox 1032 3145 1094 3155; x_wconf 89' lang='lat'><strong>—·</strong></span> <span class='ocrx_word' id='word_1_59' title='bbox 1147 3123 1231 3172; x_wconf 82' lang='lat'><strong>29.</strong></span> 
     </span>
     <span class='ocr_line' id='line_1_16' title="bbox 924 3203 1227 3266; baseline 0.007 -12"><span class='ocrx_word' id='word_1_60' title='bbox 924 3227 992 3240; x_wconf 81' lang='lat'>-</span> <span class='ocrx_word' id='word_1_61' title='bbox 1028 3206 1111 3266; x_wconf 82' lang='lat'><strong>74,</strong></span> <span class='ocrx_word' id='word_1_62' title='bbox 1147 3203 1227 3256; x_wconf 89' lang='lat'><strong>14.</strong></span> 
     </span>
    </p>
   </div>
   <div class='ocr_carea' id='block_1_11' title="bbox 927 3375 1230 3435">
    <p class='ocr_par' dir='ltr' id='par_1_11' title="bbox 927 3375 1230 3435">
     <span class='ocr_line' id='line_1_17' title="bbox 927 3375 1230 3435; baseline 0.003 -11"><span class='ocrx_word' id='word_1_63' title='bbox 927 3399 989 3409; x_wconf 90' lang='lat'>—</span> <span class='ocrx_word' id='word_1_64' title='bbox 1029 3375 1111 3435; x_wconf 90' lang='grc'><strong>77,</strong></span> <span class='ocrx_word' id='word_1_65' title='bbox 1151 3375 1230 3426; x_wconf 88' lang='grc'><strong>16.</strong></span> 
     </span>
    </p>
   </div>
   <div class='ocr_carea' id='block_1_12' title="bbox 1251 727 2931 970">
    <p class='ocr_par' dir='ltr' id='par_1_12' title="bbox 1251 727 2931 970">
     <span class='ocr_line' id='line_1_18' title="bbox 1251 727 2319 798; baseline 0.005 -19"><span class='ocrx_word' id='word_1_66' title='bbox 1251 729 1332 780; x_wconf 87' lang='grc'><strong>34.</strong></span> <span class='ocrx_word' id='word_1_67' title='bbox 1371 727 1552 781; x_wconf 80' lang='lat' dir='ltr'><strong>Barth.</strong></span> <span class='ocrx_word' id='word_1_68' title='bbox 1590 728 1756 782; x_wconf 80' lang='lat' dir='ltr'><strong>Theb.</strong></span> <span class='ocrx_word' id='word_1_69' title='bbox 1792 729 1890 786; x_wconf 87' lang='lat' dir='ltr'><strong>XI.</strong></span> <span class='ocrx_word' id='word_1_70' title='bbox 1928 733 2046 787; x_wconf 84' lang='lat'><strong>466.</strong></span> <span class='ocrx_word' id='word_1_71' title='bbox 2082 749 2132 798; x_wconf 84' lang='lat' dir='ltr'><strong>p.</strong></span> <span class='ocrx_word' id='word_1_72' title='bbox 2172 734 2319 784; x_wconf 88' lang='grc'><strong>1368.</strong></span> 
     </span>
     <span class='ocr_line' id='line_1_19' title="bbox 1259 813 2931 883; baseline 0.001 -17"><span class='ocrx_word' id='word_1_73' title='bbox 1259 813 1433 866; x_wconf 82' lang='lat' dir='ltr'><strong>Cerda</strong></span> <span class='ocrx_word' id='word_1_74' title='bbox 1469 841 1532 852; x_wconf 90' lang='grc'><strong>--</strong></span> <span class='ocrx_word' id='word_1_75' title='bbox 1572 821 1624 866; x_wconf 89' lang='lat' dir='ltr'><strong>et</strong></span> <span class='ocrx_word' id='word_1_76' title='bbox 1664 816 1998 883; x_wconf 77' lang='lat' dir='ltr'><strong>Dempstcrus</strong></span> <span class='ocrx_word' id='word_1_77' title='bbox 2045 815 2318 871; x_wconf 75' lang='lat' dir='ltr'><strong>claudian.</strong></span> <span class='ocrx_word' id='word_1_78' title='bbox 2367 819 2433 868; x_wconf 82' lang='lat' dir='ltr'><strong>R.</strong></span> <span class='ocrx_word' id='word_1_79' title='bbox 2478 819 2623 872; x_wconf 78' lang='lat' dir='ltr'><strong>Pros.</strong></span> <span class='ocrx_word' id='word_1_80' title='bbox 2669 818 2769 870; x_wconf 91' lang='lat'><strong>111.</strong></span> <span class='ocrx_word' id='word_1_81' title='bbox 2807 819 2931 868; x_wconf 88' lang='grc'><strong>376.</strong></span> 
     </span>
     <span class='ocr_line' id='line_1_20' title="bbox 1253 901 2867 970; baseline 0.002 -20"><span class='ocrx_word' id='word_1_82' title='bbox 1253 915 1304 966; x_wconf 88' lang='grc' dir='ltr'><strong>Ρ.</strong></span> <span class='ocrx_word' id='word_1_83' title='bbox 1340 901 1458 952; x_wconf 90' lang='grc'><strong>633.</strong></span> <span class='ocrx_word' id='word_1_84' title='bbox 1529 901 1690 967; x_wconf 86' lang='lat' dir='ltr'><strong>Apul.</strong></span> <span class='ocrx_word' id='word_1_85' title='bbox 1728 902 1857 953; x_wconf 84' lang='lat' dir='ltr'><strong>Met.</strong></span> <span class='ocrx_word' id='word_1_86' title='bbox 1879 901 2014 960; x_wconf 82' lang='lat' dir='ltr'><strong>,V11.</strong></span> <span class='ocrx_word' id='word_1_87' title='bbox 2052 921 2101 970; x_wconf 90' lang='lat' dir='ltr'><strong>p.</strong></span> <span class='ocrx_word' id='word_1_88' title='bbox 2138 905 2256 955; x_wconf 84' lang='lat'><strong>498.</strong></span> <span class='ocrx_word' id='word_1_89' title='bbox 2294 903 2466 956; x_wconf 85' lang='lat' dir='ltr'><strong>fleta</strong></span> <span class='ocrx_word' id='word_1_90' title='bbox 2502 911 2553 955; x_wconf 89' lang='lat' dir='ltr'><strong>et</strong></span> <span class='ocrx_word' id='word_1_91' title='bbox 2587 905 2867 955; x_wconf 72' lang='lat' dir='ltr'><strong>lacrimosa.</strong></span> 
     </span>
    </p>
   </div>
   <div class='ocr_carea' id='block_1_13' title="bbox 1255 985 2932 1140">
    <p class='ocr_par' dir='ltr' id='par_1_13' title="bbox 1255 985 2932 1140">
     <span class='ocr_line' id='line_1_21' title="bbox 1259 985 2932 1057; baseline 0.002 -21"><span class='ocrx_word' id='word_1_92' title='bbox 1259 985 1537 1037; x_wconf 73' lang='lat' dir='ltr'><strong>vocabula</strong></span> <span class='ocrx_word' id='word_1_93' title='bbox 1569 1002 1604 1052; x_wconf 92' lang='lat' dir='ltr'><strong>p</strong></span> <span class='ocrx_word' id='word_1_94' title='bbox 1619 1003 1649 1038; x_wconf 92' lang='lat' dir='ltr'><strong>o</strong></span> <span class='ocrx_word' id='word_1_95' title='bbox 1663 987 1709 1037; x_wconf 95' lang='lat' dir='ltr'><strong>ll</strong></span> <span class='ocrx_word' id='word_1_96' title='bbox 1722 987 1741 1037; x_wconf 90' lang='lat' dir='ltr'><strong>i</strong></span> <span class='ocrx_word' id='word_1_97' title='bbox 1754 1003 1821 1037; x_wconf 85' lang='lat' dir='ltr'><strong>cc</strong></span> <span class='ocrx_word' id='word_1_98' title='bbox 1861 994 1914 1037; x_wconf 88' lang='lat' dir='ltr'><strong>et</strong></span> <span class='ocrx_word' id='word_1_99' title='bbox 1940 1003 1977 1054; x_wconf 88' lang='lat' dir='ltr'>p</span> <span class='ocrx_word' id='word_1_100' title='bbox 1991 1004 2018 1038; x_wconf 95' lang='lat' dir='ltr'><strong>e</strong></span> <span class='ocrx_word' id='word_1_101' title='bbox 2032 1003 2059 1039; x_wconf 93' lang='lat' dir='ltr'><strong>c</strong></span> <span class='ocrx_word' id='word_1_102' title='bbox 2071 990 2205 1040; x_wconf 87' lang='lat' dir='ltr'><strong>tine</strong></span> <span class='ocrx_word' id='word_1_103' title='bbox 2229 998 2517 1057; x_wconf 83' lang='lat' dir='ltr'><strong>permutata</strong></span> <span class='ocrx_word' id='word_1_104' title='bbox 2538 990 2739 1041; x_wconf 84' lang='lat' dir='ltr'><strong>notavit</strong></span> <span class='ocrx_word' id='word_1_105' title='bbox 2759 987 2932 1053; x_wconf 86' lang='lat' dir='ltr'><strong>Carp-</strong></span> 
     </span>
     <span class='ocr_line' id='line_1_22' title="bbox 1255 1071 2355 1140; baseline 0.005 -20"><span class='ocrx_word' id='word_1_106' title='bbox 1255 1071 1430 1122; x_wconf 79' lang='lat' dir='ltr'><strong>zovius</strong></span> <span class='ocrx_word' id='word_1_107' title='bbox 1465 1071 1714 1123; x_wconf 88' lang='lat' dir='ltr'><strong>Dracont.</strong></span> <span class='ocrx_word' id='word_1_108' title='bbox 1749 1071 2001 1124; x_wconf 83' lang='lat' dir='ltr'><strong>Hexaem.</strong></span> <span class='ocrx_word' id='word_1_109' title='bbox 2048 1077 2149 1125; x_wconf 83' lang='grc'><strong>207</strong></span> <span class='ocrx_word' id='word_1_110' title='bbox 2185 1091 2234 1140; x_wconf 87' lang='grc' dir='ltr'><strong>Ρ.</strong></span> <span class='ocrx_word' id='word_1_111' title='bbox 2274 1077 2355 1126; x_wconf 85' lang='grc'><strong>58.</strong></span> 
     </span>
    </p>
   </div>
   <div class='ocr_carea' id='block_1_14' title="bbox 1253 1154 2941 4138">
    <p class='ocr_par' dir='ltr' id='par_1_14' title="bbox 1253 1154 2937 1991">
     <span class='ocr_line' id='line_1_23' title="bbox 1257 1154 2931 1226; baseline 0.001 -20"><span class='ocrx_word' id='word_1_112' title='bbox 1257 1154 1423 1218; x_wconf 85' lang='lat' dir='ltr'><strong>Quem</strong></span> <span class='ocrx_word' id='word_1_113' title='bbox 1481 1157 1646 1222; x_wconf 76' lang='lat' dir='ltr'><strong>ipsum</strong></span> <span class='ocrx_word' id='word_1_114' title='bbox 1707 1173 1907 1208; x_wconf 78' lang='lat' dir='ltr'><strong>versum</strong></span> <span class='ocrx_word' id='word_1_115' title='bbox 1967 1175 2081 1210; x_wconf 84' lang='lat' dir='ltr'><strong>cum</strong></span> <span class='ocrx_word' id='word_1_116' title='bbox 2140 1160 2254 1211; x_wconf 80' lang='lat' dir='ltr'><strong>aliia</strong></span> <span class='ocrx_word' id='word_1_117' title='bbox 2304 1175 2335 1210; x_wconf 84' lang='lat' dir='ltr'><strong>a</strong></span> <span class='ocrx_word' id='word_1_118' title='bbox 2382 1161 2629 1226; x_wconf 81' lang='lat' dir='ltr'><strong>scriptore</strong></span> <span class='ocrx_word' id='word_1_119' title='bbox 2691 1159 2931 1210; x_wconf 75' lang='lat' dir='ltr'><strong>Iliadis</strong></span> 
     </span>
     <span class='ocr_line' id='line_1_24' title="bbox 1253 1233 2934 1311; baseline 0.002 -21"><span class='ocrx_word' id='word_1_120' title='bbox 1253 1239 1637 1292; x_wconf 79' lang='lat' dir='ltr'><strong>Homericae</strong></span> <span class='ocrx_word' id='word_1_121' title='bbox 1672 1233 1956 1295; x_wconf 75' lang='lat' dir='ltr'><strong>&#39;mutuatum</strong></span> <span class='ocrx_word' id='word_1_122' title='bbox 1994 1259 2105 1296; x_wconf 75' lang='lat' dir='ltr'><strong>esse</strong></span> <span class='ocrx_word' id='word_1_123' title='bbox 2144 1259 2319 1297; x_wconf 74' lang='lat' dir='ltr'><strong>omnes</strong></span> <span class='ocrx_word' id='word_1_124' title='bbox 2344 1246 2713 1311; x_wconf 88' lang='lat' dir='ltr'><strong>incompertum</strong></span> <span class='ocrx_word' id='word_1_125' title='bbox 2737 1244 2934 1294; x_wconf 86' lang='lat' dir='ltr'><strong>habent</strong></span> 
     </span>
     <span class='ocr_line' id='line_1_25' title="bbox 1256 1327 2932 1396; baseline 0.001 -20"><span class='ocrx_word' id='word_1_126' title='bbox 1256 1334 1510 1378; x_wconf 84' lang='lat' dir='ltr'><strong>auctorem</strong></span> <span class='ocrx_word' id='word_1_127' title='bbox 1571 1327 1967 1395; x_wconf 81' lang='lat' dir='ltr'><strong>Panegyrici</strong></span> <span class='ocrx_word' id='word_1_128' title='bbox 2027 1329 2297 1396; x_wconf 87' lang='lat' dir='ltr'><strong>Bereng.</strong></span> <span class='ocrx_word' id='word_1_129' title='bbox 2358 1332 2401 1381; x_wconf 89' lang='grc' dir='ltr'><strong>Ι.</strong></span> <span class='ocrx_word' id='word_1_130' title='bbox 2464 1331 2553 1382; x_wconf 85' lang='grc'><strong>653</strong></span> <span class='ocrx_word' id='word_1_131' title='bbox 2624 1330 2932 1392; x_wconf 86' lang='lat' dir='ltr'><strong>Dantque</strong></span> 
     </span>
     <span class='ocr_line' id='line_1_26' title="bbox 1259 1411 2933 1484; baseline 0 -23"><span class='ocrx_word' id='word_1_132' title='bbox 1259 1412 1478 1464; x_wconf 74' lang='lat' dir='ltr'><strong>choros</strong></span> <span class='ocrx_word' id='word_1_133' title='bbox 1531 1414 1770 1464; x_wconf 78' lang='lat' dir='ltr'><strong>molles</strong></span> <span class='ocrx_word' id='word_1_134' title='bbox 1826 1422 1887 1464; x_wconf 87' lang='lat' dir='ltr'><strong>et</strong></span> <span class='ocrx_word' id='word_1_135' title='bbox 1928 1421 2226 1484; x_wconf 82' lang='lat' dir='ltr'><strong>tympana</strong></span> <span class='ocrx_word' id='word_1_136' title='bbox 2270 1417 2534 1484; x_wconf 61' lang='lat' dir='ltr'><strong>dextera</strong></span> <span class='ocrx_word' id='word_1_137' title='bbox 2584 1415 2801 1480; x_wconf 75' lang='lat' dir='ltr'><strong>pulsat</strong></span> <span class='ocrx_word' id='word_1_138' title='bbox 2856 1411 2933 1477; x_wconf 80' lang='lat' dir='ltr'><strong>(v.</strong></span> 
     </span>
     <span class='ocr_line' id='line_1_27' title="bbox 1257 1493 2932 1566; baseline 0.001 -20"><span class='ocrx_word' id='word_1_139' title='bbox 1257 1493 1380 1562; x_wconf 88' lang='grc'><strong>886)</strong></span> <span class='ocrx_word' id='word_1_140' title='bbox 1417 1493 1633 1563; x_wconf 86' lang='lat' dir='ltr'><strong>Atque</strong></span> <span class='ocrx_word' id='word_1_141' title='bbox 1666 1499 1809 1564; x_wconf 82' lang='lat' dir='ltr'><strong>lyra</strong></span> <span class='ocrx_word' id='word_1_142' title='bbox 1844 1502 2125 1566; x_wconf 74' lang='lat' dir='ltr'><strong>graciles</strong></span> <span class='ocrx_word' id='word_1_143' title='bbox 2164 1508 2445 1552; x_wconf 81' lang='lat' dir='ltr'><strong>extenso</strong></span> <span class='ocrx_word' id='word_1_144' title='bbox 2482 1500 2726 1565; x_wconf 86' lang='lat' dir='ltr'><strong>pollice</strong></span> <span class='ocrx_word' id='word_1_145' title='bbox 2751 1499 2932 1548; x_wconf 86' lang='lat' dir='ltr'><strong>chor-</strong></span> 
     </span>
     <span class='ocr_line' id='line_1_28' title="bbox 1257 1582 2934 1652; baseline 0.001 -21"><span class='ocrx_word' id='word_1_146' title='bbox 1257 1582 1368 1632; x_wconf 78' lang='lat' dir='ltr'><strong>das</strong></span> <span class='ocrx_word' id='word_1_147' title='bbox 1444 1583 1774 1634; x_wconf 82' lang='lat' dir='ltr'><strong>Percurrit</strong></span> <span class='ocrx_word' id='word_1_148' title='bbox 1832 1595 2209 1652; x_wconf 84' lang='lat' dir='ltr'><strong>septemque</strong></span> <span class='ocrx_word' id='word_1_149' title='bbox 2244 1588 2492 1638; x_wconf 74' lang='lat' dir='ltr'><strong>‘modos</strong></span> <span class='ocrx_word' id='word_1_150' title='bbox 2561 1584 2934 1639; x_wconf 81' lang='lat' dir='ltr'><strong>modulatur</strong></span> 
     </span>
     <span class='ocr_line' id='line_1_29' title="bbox 1256 1666 2933 1738; baseline 0.001 -21"><span class='ocrx_word' id='word_1_151' title='bbox 1256 1669 1486 1719; x_wconf 77' lang='lat' dir='ltr'><strong>avenis</strong></span> <span class='ocrx_word' id='word_1_152' title='bbox 1545 1666 1714 1733; x_wconf 86' lang='lat' dir='ltr'><strong>(Illa</strong></span> <span class='ocrx_word' id='word_1_153' title='bbox 1772 1672 1915 1738; x_wconf 80' lang='lat' dir='ltr'><strong>lyra</strong></span> <span class='ocrx_word' id='word_1_154' title='bbox 1972 1687 2020 1722; x_wconf 78' lang='lat' dir='ltr'><strong>v.</strong></span> <span class='ocrx_word' id='word_1_155' title='bbox 2075 1671 2217 1736; x_wconf 88' lang='grc'><strong>887).</strong></span> <span class='ocrx_word' id='word_1_156' title='bbox 2288 1673 2462 1723; x_wconf 86' lang='lat' dir='ltr'><strong>Rura</strong></span> <span class='ocrx_word' id='word_1_157' title='bbox 2514 1671 2732 1721; x_wconf 88' lang='lat' dir='ltr'><strong>colunt</strong></span> <span class='ocrx_word' id='word_1_158' title='bbox 2783 1669 2933 1729; x_wconf 88' lang='lat' dir='ltr'><strong>alii,</strong></span> 
     </span>
     <span class='ocr_line' id='line_1_30' title="bbox 1257 1754 2937 1824; baseline -0.001 -18"><span class='ocrx_word' id='word_1_159' title='bbox 1257 1754 1511 1806; x_wconf 79' lang='lat' dir='ltr'><strong>sulcant</strong></span> <span class='ocrx_word' id='word_1_160' title='bbox 1554 1755 1773 1820; x_wconf 76' lang='lat' dir='ltr'><strong>gravia</strong></span> <span class='ocrx_word' id='word_1_161' title='bbox 1818 1773 1969 1808; x_wconf 83' lang='lat' dir='ltr'><strong>arva</strong></span> <span class='ocrx_word' id='word_1_162' title='bbox 2008 1757 2275 1823; x_wconf 82' lang='lat' dir='ltr'><strong>juvenci</strong></span> <span class='ocrx_word' id='word_1_163' title='bbox 2320 1755 2394 1822; x_wconf 82' lang='lat' dir='ltr'><strong>(v.</strong></span> <span class='ocrx_word' id='word_1_164' title='bbox 2432 1758 2581 1824; x_wconf 89' lang='grc'><strong>890),</strong></span> <span class='ocrx_word' id='word_1_165' title='bbox 2630 1756 2937 1807; x_wconf 82' lang='lat' dir='ltr'><strong>Tondent</strong></span> 
     </span>
     <span class='ocr_line' id='line_1_31' title="bbox 1257 1841 2935 1909; baseline 0.001 -20"><span class='ocrx_word' id='word_1_166' title='bbox 1257 1848 1444 1906; x_wconf 88' lang='lat' dir='ltr'><strong>prata</strong></span> <span class='ocrx_word' id='word_1_167' title='bbox 1513 1856 1743 1907; x_wconf 79' lang='lat' dir='ltr'><strong>greges</strong></span> <span class='ocrx_word' id='word_1_168' title='bbox 1812 1846 2221 1909; x_wconf 84' lang='lat' dir='ltr'><strong>pendentque</strong></span> <span class='ocrx_word' id='word_1_169' title='bbox 2286 1843 2350 1894; x_wconf 91' lang='lat' dir='ltr'><strong>in</strong></span> <span class='ocrx_word' id='word_1_170' title='bbox 2420 1855 2575 1909; x_wconf 83' lang='lat' dir='ltr'><strong>rupe</strong></span> <span class='ocrx_word' id='word_1_171' title='bbox 2634 1841 2935 1908; x_wconf 84' lang='lat' dir='ltr'><strong>capellae</strong></span> 
     </span>
     <span class='ocr_line' id='line_1_32' title="bbox 1257 1924 2029 1991; baseline 0.01 -16"><span class='ocrx_word' id='word_1_172' title='bbox 1257 1924 1333 1990; x_wconf 85' lang='lat' dir='ltr'><strong>(v.</strong></span> <span class='ocrx_word' id='word_1_173' title='bbox 1370 1925 1512 1991; x_wconf 83' lang='lat'><strong>893).</strong></span> <span class='ocrx_word' id='word_1_174' title='bbox 2022 1939 2029 1948; x_wconf 70' lang='lat'><em>⁶</em></span> 
     </span>
    </p>

    <p class='ocr_par' dir='ltr' id='par_1_15' title="bbox 1259 2011 1801 2065">
     <span class='ocr_line' id='line_1_33' title="bbox 1259 2011 1801 2065; baseline 0.009 -5"><span class='ocrx_word' id='word_1_175' title='bbox 1259 2011 1430 2063; x_wconf 74' lang='lat' dir='ltr'><strong>dives</strong></span> <span class='ocrx_word' id='word_1_176' title='bbox 1466 2011 1801 2065; x_wconf 80' lang='lat' dir='ltr'><strong>Vertumnus.</strong></span> 
     </span>
    </p>

    <p class='ocr_par' dir='ltr' id='par_1_16' title="bbox 1258 2095 2934 2246">
     <span class='ocr_line' id='line_1_34' title="bbox 1263 2095 2934 2166; baseline 0.001 -19"><span class='ocrx_word' id='word_1_177' title='bbox 1263 2111 1569 2163; x_wconf 87' lang='lat' dir='ltr'><strong>quamquam</strong></span> <span class='ocrx_word' id='word_1_178' title='bbox 1620 2099 1667 2148; x_wconf 88' lang='lat' dir='ltr'><strong>ei</strong></span> <span class='ocrx_word' id='word_1_179' title='bbox 1709 2100 1808 2166; x_wconf 83' lang='lat' dir='ltr'><strong>ipsi</strong></span> <span class='ocrx_word' id='word_1_180' title='bbox 1851 2099 2103 2150; x_wconf 87' lang='lat' dir='ltr'><strong>incerta</strong></span> <span class='ocrx_word' id='word_1_181' title='bbox 2150 2099 2327 2166; x_wconf 78' lang='lat' dir='ltr'><strong>chelys</strong></span> <span class='ocrx_word' id='word_1_182' title='bbox 2380 2098 2503 2150; x_wconf 76' lang='lat' dir='ltr'><strong>satis</strong></span> <span class='ocrx_word' id='word_1_183' title='bbox 2549 2098 2746 2165; x_wconf 85' lang='lat' dir='ltr'><strong>placuit</strong></span> <span class='ocrx_word' id='word_1_184' title='bbox 2794 2095 2934 2148; x_wconf 77' lang='grc' dir='ltr'><strong>Λᾶν.</strong></span> 
     </span>
     <span class='ocr_line' id='line_1_35' title="bbox 1258 2185 1464 2246; baseline 0.01 -14"><span class='ocrx_word' id='word_1_185' title='bbox 1258 2195 1308 2246; x_wconf 90' lang='lat' dir='ltr'><strong>p.</strong></span> <span class='ocrx_word' id='word_1_186' title='bbox 1349 2185 1464 2234; x_wconf 90' lang='grc'><strong>771.</strong></span> 
     </span>
    </p>

    <p class='ocr_par' dir='ltr' id='par_1_17' title="bbox 1261 2263 2933 2504">
     <span class='ocr_line' id='line_1_36' title="bbox 1264 2263 2881 2342; baseline 0.002 -27"><span class='ocrx_word' id='word_1_187' title='bbox 1264 2263 1472 2318; x_wconf 85' lang='lat' dir='ltr'><strong>Petron.</strong></span> <span class='ocrx_word' id='word_1_188' title='bbox 1514 2269 1630 2320; x_wconf 85' lang='lat'><strong>132.</strong></span> <span class='ocrx_word' id='word_1_189' title='bbox 1666 2285 1716 2333; x_wconf 89' lang='lat' dir='ltr'><strong>p.</strong></span> <span class='ocrx_word' id='word_1_190' title='bbox 1756 2270 1872 2342; x_wconf 18' lang='lat'><strong>8515.</strong></span> <span class='ocrx_word' id='word_1_191' title='bbox 1908 2269 2178 2335; x_wconf 87' lang='lat' dir='ltr'><strong>incepto</strong></span> <span class='ocrx_word' id='word_1_192' title='bbox 2216 2280 2466 2323; x_wconf 76' lang='lat' dir='ltr'><strong>sermone.</strong></span> <span class='ocrx_word' id='word_1_193' title='bbox 2504 2269 2571 2318; x_wconf 84' lang='lat' dir='ltr'><strong>al.</strong></span> <span class='ocrx_word' id='word_1_194' title='bbox 2608 2270 2881 2318; x_wconf 84' lang='lat' dir='ltr'><strong>incerto.</strong></span> 
     </span>
     <span class='ocr_line' id='line_1_37' title="bbox 1261 2349 2933 2420; baseline 0 -19"><span class='ocrx_word' id='word_1_195' title='bbox 1261 2349 1410 2401; x_wconf 81' lang='lat' dir='ltr'><strong>ovid.</strong></span> <span class='ocrx_word' id='word_1_196' title='bbox 1435 2352 1560 2403; x_wconf 86' lang='lat' dir='ltr'><strong>Met.</strong></span> <span class='ocrx_word' id='word_1_197' title='bbox 1596 2352 1745 2403; x_wconf 85' lang='lat' dir='ltr'><strong>VIII.</strong></span> <span class='ocrx_word' id='word_1_198' title='bbox 1773 2354 1897 2404; x_wconf 85' lang='grc'><strong>6593</strong></span> <span class='ocrx_word' id='word_1_199' title='bbox 1932 2352 2139 2404; x_wconf 86' lang='lat' dir='ltr'><strong>Interea</strong></span> <span class='ocrx_word' id='word_1_200' title='bbox 2163 2354 2422 2420; x_wconf 81' lang='lat' dir='ltr'><strong>quoties</strong></span> <span class='ocrx_word' id='word_1_201' title='bbox 2457 2353 2696 2404; x_wconf 85' lang='lat' dir='ltr'><strong>haustum</strong></span> <span class='ocrx_word' id='word_1_202' title='bbox 2731 2358 2933 2401; x_wconf 85' lang='lat' dir='ltr'><strong>cratera</strong></span> 
     </span>
     <span class='ocr_line' id='line_1_38' title="bbox 1261 2437 2726 2504; baseline 0.003 -18"><span class='ocrx_word' id='word_1_203' title='bbox 1261 2437 1450 2502; x_wconf 86' lang='lat' dir='ltr'><strong>repleri</strong></span> <span class='ocrx_word' id='word_1_204' title='bbox 1485 2437 1685 2502; x_wconf 86' lang='lat' dir='ltr'><strong>Sponte</strong></span> <span class='ocrx_word' id='word_1_205' title='bbox 1722 2439 2051 2491; x_wconf 75' lang='lat' dir='ltr'><strong>sna-vident.</strong></span> <span class='ocrx_word' id='word_1_206' title='bbox 2090 2441 2237 2492; x_wconf 85' lang='lat' dir='ltr'><strong>codd.</strong></span> <span class='ocrx_word' id='word_1_207' title='bbox 2277 2439 2475 2504; x_wconf 84' lang='lat' dir='ltr'><strong>aliquot</strong></span> <span class='ocrx_word' id='word_1_208' title='bbox 2510 2439 2726 2492; x_wconf 75' lang='lat' dir='ltr'><strong>toties.</strong></span> 
     </span>
    </p>

    <p class='ocr_par' dir='ltr' id='par_1_18' title="bbox 1263 2521 2935 3006">
     <span class='ocr_line' id='line_1_39' title="bbox 1265 2521 2935 2577; baseline 0 -6"><span class='ocrx_word' id='word_1_209' title='bbox 1265 2521 1429 2577; x_wconf 83' lang='lat' dir='ltr'><strong>Theb.</strong></span> <span class='ocrx_word' id='word_1_210' title='bbox 1483 2521 1552 2574; x_wconf 82' lang='lat' dir='ltr'><strong>V.</strong></span> <span class='ocrx_word' id='word_1_211' title='bbox 1607 2525 1735 2574; x_wconf 81' lang='lat'>710:</span> <span class='ocrx_word' id='word_1_212' title='bbox 1795 2529 1937 2574; x_wconf 86' lang='lat' dir='ltr'><strong>tanto</strong></span> <span class='ocrx_word' id='word_1_213' title='bbox 1986 2525 2178 2575; x_wconf 82' lang='lat' dir='ltr'><strong>solatus</strong></span> <span class='ocrx_word' id='word_1_214' title='bbox 2229 2525 2465 2576; x_wconf 80' lang='lat' dir='ltr'><strong>funera</strong></span> <span class='ocrx_word' id='word_1_215' title='bbox 2515 2532 2637 2575; x_wconf 78' lang='lat' dir='ltr'><strong>voto</strong></span> <span class='ocrx_word' id='word_1_216' title='bbox 2690 2522 2935 2574; x_wconf 73' lang='lat' dir='ltr'><strong>Pensavit</strong></span> 
     </span>
     <span class='ocr_line' id='line_1_40' title="bbox 1264 2607 2930 2674; baseline 0 -18"><span class='ocrx_word' id='word_1_217' title='bbox 1264 2607 1522 2658; x_wconf 77' lang='lat' dir='ltr'><strong>lacrimas,</strong></span> <span class='ocrx_word' id='word_1_218' title='bbox 1559 2607 1777 2674; x_wconf 80' lang='lat' dir='ltr'><strong>Frising.</strong></span> <span class='ocrx_word' id='word_1_219' title='bbox 1803 2623 2063 2660; x_wconf 88' lang='lat' dir='ltr'><strong>munere</strong></span> <span class='ocrx_word' id='word_1_220' title='bbox 2097 2610 2237 2663; x_wconf 80' lang='lat' dir='ltr'><strong>voti.</strong></span> <span class='ocrx_word' id='word_1_221' title='bbox 2262 2609 2463 2664; x_wconf 87' lang='lat' dir='ltr'><strong>Monac.</strong></span> <span class='ocrx_word' id='word_1_222' title='bbox 2501 2623 2757 2659; x_wconf 87' lang='lat' dir='ltr'><strong>munere</strong></span> <span class='ocrx_word' id='word_1_223' title='bbox 2780 2615 2930 2657; x_wconf 80' lang='lat' dir='ltr'><strong>vota.</strong></span> 
     </span>
     <span class='ocr_line' id='line_1_41' title="bbox 1269 2691 2925 2756; baseline 0.001 -14"><span class='ocrx_word' id='word_1_224' title='bbox 1269 2691 1421 2755; x_wconf 85' lang='lat' dir='ltr'><strong>Quod</strong></span> <span class='ocrx_word' id='word_1_225' title='bbox 1457 2693 1512 2745; x_wconf 93' lang='lat' dir='ltr'><strong>in</strong></span> <span class='ocrx_word' id='word_1_226' title='bbox 1549 2695 1728 2746; x_wconf 89' lang='lat' dir='ltr'><strong>codice</strong></span> <span class='ocrx_word' id='word_1_227' title='bbox 1770 2696 2033 2756; x_wconf 64' lang='lat' dir='ltr'><strong>Almonis,</strong></span> <span class='ocrx_word' id='word_1_228' title='bbox 2069 2696 2203 2746; x_wconf 86' lang='lat' dir='ltr'><strong>idem</strong></span> <span class='ocrx_word' id='word_1_229' title='bbox 2241 2710 2348 2746; x_wconf 78' lang='lat' dir='ltr'><strong>eus</strong></span> <span class='ocrx_word' id='word_1_230' title='bbox 2386 2701 2532 2746; x_wconf 82' lang='lat' dir='ltr'><strong>extat</strong></span> <span class='ocrx_word' id='word_1_231' title='bbox 2565 2696 2618 2745; x_wconf 90' lang='lat' dir='ltr'><strong>in</strong></span> <span class='ocrx_word' id='word_1_232' title='bbox 2658 2691 2925 2745; x_wconf 77' lang='lat' dir='ltr'><strong>codice-G.</strong></span> 
     </span>
     <span class='ocr_line' id='line_1_42' title="bbox 1265 2780 2929 2846; baseline -0.001 -16"><span class='ocrx_word' id='word_1_233' title='bbox 1265 2780 1518 2832; x_wconf 86' lang='lat' dir='ltr'><strong>Macrobii</strong></span> <span class='ocrx_word' id='word_1_234' title='bbox 1573 2781 1685 2834; x_wconf 88' lang='lat' dir='ltr'><strong>Sat.</strong></span> <span class='ocrx_word' id='word_1_235' title='bbox 1739 2781 1781 2830; x_wconf 92' lang='grc' dir='ltr'><strong>Ι.</strong></span> <span class='ocrx_word' id='word_1_236' title='bbox 1837 2783 1896 2844; x_wconf 84' lang='grc'><strong>5,</strong></span> <span class='ocrx_word' id='word_1_237' title='bbox 1954 2785 2020 2832; x_wconf 91' lang='grc'><strong>10</strong></span> <span class='ocrx_word' id='word_1_238' title='bbox 2062 2789 2112 2832; x_wconf 91' lang='lat' dir='ltr'><strong>et</strong></span> <span class='ocrx_word' id='word_1_239' title='bbox 2146 2780 2315 2832; x_wconf 77' lang='lat' dir='ltr'><strong>Gloaa.</strong></span> <span class='ocrx_word' id='word_1_240' title='bbox 2361 2783 2522 2835; x_wconf 86' lang='lat' dir='ltr'><strong>Paris.</strong></span> <span class='ocrx_word' id='word_1_241' title='bbox 2566 2785 2671 2833; x_wconf 87' lang='grc'><strong>200</strong></span> <span class='ocrx_word' id='word_1_242' title='bbox 2713 2797 2761 2846; x_wconf 88' lang='lat' dir='ltr'><strong>p.</strong></span> <span class='ocrx_word' id='word_1_243' title='bbox 2811 2781 2929 2830; x_wconf 85' lang='grc'><strong>1303</strong></span> 
     </span>
     <span class='ocr_line' id='line_1_43' title="bbox 1263 2863 2932 2922; baseline -0.001 -6"><span class='ocrx_word' id='word_1_244' title='bbox 1263 2865 1390 2916; x_wconf 83' lang='lat' dir='ltr'><strong>Eus</strong></span> <span class='ocrx_word' id='word_1_245' title='bbox 1443 2881 1547 2918; x_wconf 80' lang='lat' dir='ltr'><strong>vox</strong></span> <span class='ocrx_word' id='word_1_246' title='bbox 1599 2866 1926 2922; x_wconf 80' lang='lat' dir='ltr'><strong>inclamantis</strong></span> <span class='ocrx_word' id='word_1_247' title='bbox 1980 2876 2068 2922; x_wconf 79' lang='lat' dir='ltr'><strong>eet.</strong></span> <span class='ocrx_word' id='word_1_248' title='bbox 2148 2863 2229 2918; x_wconf 79' lang='lat' dir='ltr'><strong>cf.</strong></span> <span class='ocrx_word' id='word_1_249' title='bbox 2284 2865 2413 2920; x_wconf 85' lang='lat' dir='ltr'><strong>Stat.</strong></span> <span class='ocrx_word' id='word_1_250' title='bbox 2466 2867 2631 2918; x_wconf 81' lang='lat' dir='ltr'><strong>Theb.</strong></span> <span class='ocrx_word' id='word_1_251' title='bbox 2692 2867 2755 2917; x_wconf 85' lang='lat' dir='ltr'><strong>V.</strong></span> <span class='ocrx_word' id='word_1_252' title='bbox 2812 2863 2932 2916; x_wconf 88' lang='grc'><strong>1333</strong></span> 
     </span>
     <span class='ocr_line' id='line_1_44' title="bbox 1265 2951 2385 3006; baseline 0.004 -5"><span class='ocrx_word' id='word_1_253' title='bbox 1265 2953 1392 3002; x_wconf 78' lang='lat' dir='ltr'><strong>deus</strong></span> <span class='ocrx_word' id='word_1_254' title='bbox 1427 2953 1540 3002; x_wconf 82' lang='lat' dir='ltr'><strong>has</strong></span> <span class='ocrx_word' id='word_1_255' title='bbox 1577 2955 1720 3003; x_wconf 79' lang='lat' dir='ltr'><strong>deus.</strong></span> <span class='ocrx_word' id='word_1_256' title='bbox 1756 2951 1856 3005; x_wconf 78' lang='lat' dir='ltr'><strong>Me.</strong></span> <span class='ocrx_word' id='word_1_257' title='bbox 1894 2952 2175 3004; x_wconf 85' lang='lat' dir='ltr'><strong>Lindenbr.</strong></span> <span class='ocrx_word' id='word_1_258' title='bbox 2210 2954 2385 3006; x_wconf 78' lang='lat' dir='ltr'><strong>heus.</strong></span> 
     </span>
    </p>

    <p class='ocr_par' dir='ltr' id='par_1_19' title="bbox 1265 3035 2149 3104">
     <span class='ocr_line' id='line_1_45' title="bbox 1265 3035 2149 3104; baseline 0.006 -18"><span class='ocrx_word' id='word_1_259' title='bbox 1265 3035 1478 3089; x_wconf 84' lang='lat' dir='ltr'><strong>Lachm.</strong></span> <span class='ocrx_word' id='word_1_260' title='bbox 1516 3038 1721 3088; x_wconf 85' lang='lat' dir='ltr'><strong>Lucret.</strong></span> <span class='ocrx_word' id='word_1_261' title='bbox 1757 3038 1824 3088; x_wconf 86' lang='lat'><strong>11.</strong></span> <span class='ocrx_word' id='word_1_262' title='bbox 1862 3039 1944 3092; x_wconf 86' lang='grc'><strong>27.</strong></span> <span class='ocrx_word' id='word_1_263' title='bbox 1980 3055 2028 3104; x_wconf 88' lang='grc' dir='ltr'><strong>Ρ.</strong></span> <span class='ocrx_word' id='word_1_264' title='bbox 2068 3039 2149 3091; x_wconf 89' lang='grc'><strong>76.</strong></span> 
     </span>
    </p>

    <p class='ocr_par' dir='ltr' id='par_1_20' title="bbox 1261 3121 2941 4138">
     <span class='ocr_line' id='line_1_46' title="bbox 1270 3121 2727 3180; baseline 0.003 -7"><span class='ocrx_word' id='word_1_265' title='bbox 1270 3123 1405 3174; x_wconf 85' lang='lat' dir='ltr'><strong>Aen.</strong></span> <span class='ocrx_word' id='word_1_266' title='bbox 1441 3123 1562 3175; x_wconf 86' lang='lat' dir='ltr'><strong>XII.</strong></span> <span class='ocrx_word' id='word_1_267' title='bbox 1600 3125 1717 3175; x_wconf 86' lang='lat'><strong>837.</strong></span> <span class='ocrx_word' id='word_1_268' title='bbox 1762 3123 1913 3175; x_wconf 86' lang='lat' dir='ltr'><strong>Ovid.</strong></span> <span class='ocrx_word' id='word_1_269' title='bbox 1950 3121 2084 3178; x_wconf 87' lang='lat' dir='ltr'><strong>Met.</strong></span> <span class='ocrx_word' id='word_1_270' title='bbox 2120 3125 2241 3175; x_wconf 85' lang='lat' dir='ltr'>XII.</span> <span class='ocrx_word' id='word_1_271' title='bbox 2281 3127 2396 3176; x_wconf 88' lang='grc'><strong>291.</strong></span> <span class='ocrx_word' id='word_1_272' title='bbox 2430 3141 2561 3176; x_wconf 82' lang='lat' dir='ltr'><strong>uno</strong></span> <span class='ocrx_word' id='word_1_273' title='bbox 2597 3141 2727 3180; x_wconf 80' lang='lat' dir='ltr'><strong>ore.</strong></span> 
     </span>
     <span class='ocr_line' id='line_1_47' title="bbox 1261 3208 2935 3286; baseline 0.003 -29"><span class='ocrx_word' id='word_1_274' title='bbox 1261 3216 1523 3260; x_wconf 78' lang='lat' dir='ltr'><strong>versantes</strong></span> <span class='ocrx_word' id='word_1_275' title='bbox 1560 3208 1625 3260; x_wconf 84' lang='lat' dir='ltr'><strong>cf.</strong></span> <span class='ocrx_word' id='word_1_276' title='bbox 1662 3210 1963 3260; x_wconf 87' lang='lat' dir='ltr'><strong>Ammian.</strong></span> <span class='ocrx_word' id='word_1_277' title='bbox 1990 3210 2155 3262; x_wconf 85' lang='lat' dir='ltr'><strong>Marc.</strong></span> <span class='ocrx_word' id='word_1_278' title='bbox 2179 3209 2353 3262; x_wconf 84' lang='lat' dir='ltr'>XXII.</span> <span class='ocrx_word' id='word_1_279' title='bbox 2381 3211 2461 3272; x_wconf 89' lang='grc'><strong>16,</strong></span> <span class='ocrx_word' id='word_1_280' title='bbox 2488 3213 2520 3260; x_wconf 92' lang='grc'><strong>2</strong></span> <span class='ocrx_word' id='word_1_281' title='bbox 2555 3226 2935 3286; x_wconf 77' lang='lat' dir='ltr'><strong>magnorum.</strong></span> 
     </span>
     <span class='ocr_line' id='line_1_48' title="bbox 1266 3292 2935 3362; baseline 0.003 -20"><span class='ocrx_word' id='word_1_282' title='bbox 1266 3292 1429 3359; x_wconf 80' lang='lat' dir='ltr'><strong>Epist.</strong></span> <span class='ocrx_word' id='word_1_283' title='bbox 1457 3293 1582 3345; x_wconf 86' lang='lat' dir='ltr'><strong>Crit.</strong></span> <span class='ocrx_word' id='word_1_284' title='bbox 1611 3297 1674 3346; x_wconf 89' lang='lat'><strong>18</strong></span> <span class='ocrx_word' id='word_1_285' title='bbox 1710 3312 1761 3361; x_wconf 89' lang='lat' dir='ltr'><strong>p.</strong></span> <span class='ocrx_word' id='word_1_286' title='bbox 1790 3299 1858 3347; x_wconf 84' lang='lat'><strong>23</strong></span> <span class='ocrx_word' id='word_1_287' title='bbox 1874 3296 1997 3362; x_wconf 86' lang='lat' dir='ltr'><strong>jam</strong></span> <span class='ocrx_word' id='word_1_288' title='bbox 2022 3294 2301 3360; x_wconf 81' lang='lat' dir='ltr'><strong>ignorant),</strong></span> <span class='ocrx_word' id='word_1_289' title='bbox 2336 3297 2540 3347; x_wconf 79' lang='lat' dir='ltr'><strong>litteras</strong></span> <span class='ocrx_word' id='word_1_290' title='bbox 2564 3312 2637 3349; x_wconf 91' lang='lat' dir='ltr'><strong>cu</strong></span> <span class='ocrx_word' id='word_1_291' title='bbox 2662 3303 2827 3348; x_wconf 84' lang='lat' dir='ltr'><strong>autem</strong></span> <span class='ocrx_word' id='word_1_292' title='bbox 2852 3311 2935 3347; x_wconf 77' lang='lat' dir='ltr'><strong>aa.</strong></span> 
     </span>
     <span class='ocr_line' id='line_1_49' title="bbox 1267 3371 2938 3446; baseline 0.004 -21"><span class='ocrx_word' id='word_1_293' title='bbox 1267 3371 1336 3426; x_wconf 71' lang='lat' dir='ltr'><strong>Et</strong></span> <span class='ocrx_word' id='word_1_294' title='bbox 1377 3377 1617 3431; x_wconf 83' lang='lat' dir='ltr'><strong>Barthius</strong></span> <span class='ocrx_word' id='word_1_295' title='bbox 1665 3381 1866 3445; x_wconf 85' lang='lat' dir='ltr'><strong>quidem</strong></span> <span class='ocrx_word' id='word_1_296' title='bbox 1912 3383 1979 3432; x_wconf 85' lang='lat' dir='ltr'><strong>ad</strong></span> <span class='ocrx_word' id='word_1_297' title='bbox 2025 3381 2175 3432; x_wconf 82' lang='lat' dir='ltr'><strong>Statii</strong></span> <span class='ocrx_word' id='word_1_298' title='bbox 2221 3379 2397 3432; x_wconf 82' lang='lat' dir='ltr'><strong>verba:</strong></span> <span class='ocrx_word' id='word_1_299' title='bbox 2456 3383 2618 3446; x_wconf 83' lang='lat' dir='ltr'><strong>„haec</strong></span> <span class='ocrx_word' id='word_1_300' title='bbox 2658 3382 2751 3432; x_wconf 89' lang='lat' dir='ltr'><strong>illa</strong></span> <span class='ocrx_word' id='word_1_301' title='bbox 2802 3382 2938 3432; x_wconf 86' lang='lat' dir='ltr'><strong>venit</strong></span> 
     </span>
     <span class='ocr_line' id='line_1_50' title="bbox 1264 3465 2937 3533; baseline 0.001 -20"><span class='ocrx_word' id='word_1_302' title='bbox 1264 3470 1382 3527; x_wconf 83' lang='lat' dir='ltr'><strong>post</strong></span> <span class='ocrx_word' id='word_1_303' title='bbox 1415 3466 1687 3516; x_wconf 80' lang='lat' dir='ltr'><strong>verbera</strong></span> <span class='ocrx_word' id='word_1_304' title='bbox 1722 3465 1947 3517; x_wconf 83' lang='lat' dir='ltr'><strong>merces“</strong></span> <span class='ocrx_word' id='word_1_305' title='bbox 1986 3468 2112 3516; x_wconf 87' lang='lat' dir='ltr'><strong>haec</strong></span> <span class='ocrx_word' id='word_1_306' title='bbox 2138 3468 2430 3533; x_wconf 75' lang='lat' dir='ltr'><strong>adscripsit:</strong></span> <span class='ocrx_word' id='word_1_307' title='bbox 2468 3468 2639 3532; x_wconf 80' lang='lat' dir='ltr'><strong>Magis</strong></span> <span class='ocrx_word' id='word_1_308' title='bbox 2672 3467 2937 3518; x_wconf 85' lang='lat' dir='ltr'><strong>heroicum</strong></span> 
     </span>
     <span class='ocr_line' id='line_1_51' title="bbox 1270 3549 2936 3618; baseline 0.002 -20"><span class='ocrx_word' id='word_1_309' title='bbox 1270 3555 1320 3597; x_wconf 89' lang='lat' dir='ltr'><strong>et</strong></span> <span class='ocrx_word' id='word_1_310' title='bbox 1353 3549 1502 3600; x_wconf 82' lang='lat' dir='ltr'><strong>virile</strong></span> <span class='ocrx_word' id='word_1_311' title='bbox 1539 3557 1616 3600; x_wconf 84' lang='lat' dir='ltr'><strong>cst</strong></span> <span class='ocrx_word' id='word_1_312' title='bbox 1650 3551 1704 3600; x_wconf 89' lang='lat' dir='ltr'><strong>in</strong></span> <span class='ocrx_word' id='word_1_313' title='bbox 1740 3565 1849 3600; x_wconf 90' lang='lat' dir='ltr'><strong>rem</strong></span> <span class='ocrx_word' id='word_1_314' title='bbox 1885 3560 2201 3616; x_wconf 79' lang='lat' dir='ltr'><strong>praesentem</strong></span> <span class='ocrx_word' id='word_1_315' title='bbox 2238 3555 2376 3617; x_wconf 82' lang='lat' dir='ltr'><strong>quod</strong></span> <span class='ocrx_word' id='word_1_316' title='bbox 2402 3562 2577 3604; x_wconf 79' lang='lat' dir='ltr'><strong>noster</strong></span> <span class='ocrx_word' id='word_1_317' title='bbox 2600 3555 2767 3604; x_wconf 89' lang='lat' dir='ltr'><strong>codex</strong></span> <span class='ocrx_word' id='word_1_318' title='bbox 2790 3567 2936 3618; x_wconf 86' lang='lat' dir='ltr'><strong>prae-</strong></span> 
     </span>
     <span class='ocr_line' id='line_1_52' title="bbox 1265 3631 2936 3703; baseline 0.001 -20"><span class='ocrx_word' id='word_1_319' title='bbox 1265 3631 1362 3684; x_wconf 74' lang='lat' dir='ltr'><strong>fert</strong></span> <span class='ocrx_word' id='word_1_320' title='bbox 1419 3635 1711 3684; x_wconf 77' lang='lat' dir='ltr'><strong>vulnera.</strong></span> <span class='ocrx_word' id='word_1_321' title='bbox 1792 3635 1877 3685; x_wconf 89' lang='lat' dir='ltr'><strong>lta</strong></span> <span class='ocrx_word' id='word_1_322' title='bbox 1920 3635 2170 3702; x_wconf 80' lang='lat' dir='ltr'><strong>Papinius</strong></span> <span class='ocrx_word' id='word_1_323' title='bbox 2216 3637 2325 3703; x_wconf 77' lang='lat' dir='ltr'><strong>ipse</strong></span> <span class='ocrx_word' id='word_1_324' title='bbox 2370 3637 2425 3689; x_wconf 58' lang='lat' dir='ltr'><strong>Is</strong></span> <span class='ocrx_word' id='word_1_325' title='bbox 2460 3639 2585 3688; x_wconf 84' lang='grc'><strong>4743</strong></span> <span class='ocrx_word' id='word_1_326' title='bbox 2636 3638 2771 3688; x_wconf 87' lang='lat' dir='ltr'><strong>hanc</strong></span> <span class='ocrx_word' id='word_1_327' title='bbox 2820 3651 2936 3702; x_wconf 88' lang='lat' dir='ltr'><strong>per-</strong></span> 
     </span>
     <span class='ocr_line' id='line_1_53' title="bbox 1267 3718 2937 3786; baseline 0.002 -19"><span class='ocrx_word' id='word_1_328' title='bbox 1267 3718 1444 3768; x_wconf 86' lang='lat' dir='ltr'><strong>hibent</strong></span> <span class='ocrx_word' id='word_1_329' title='bbox 1490 3727 1610 3784; x_wconf 80' lang='lat' dir='ltr'><strong>poat</strong></span> <span class='ocrx_word' id='word_1_330' title='bbox 1656 3719 1926 3771; x_wconf 79' lang='lat' dir='ltr'><strong>vulnera</strong></span> <span class='ocrx_word' id='word_1_331' title='bbox 1970 3720 2163 3786; x_wconf 77' lang='lat' dir='ltr'><strong>junctis</strong></span> <span class='ocrx_word' id='word_1_332' title='bbox 2204 3723 2337 3773; x_wconf 77' lang='lat' dir='ltr'><strong>Esse</strong></span> <span class='ocrx_word' id='word_1_333' title='bbox 2382 3721 2583 3773; x_wconf 86' lang='lat' dir='ltr'><strong>fidem“.</strong></span> <span class='ocrx_word' id='word_1_334' title='bbox 2654 3721 2769 3773; x_wconf 78' lang='lat' dir='ltr'><strong>Nec</strong></span> <span class='ocrx_word' id='word_1_335' title='bbox 2812 3736 2937 3771; x_wconf 78' lang='lat' dir='ltr'><strong>vero</strong></span> 
     </span>
     <span class='ocr_line' id='line_1_54' title="bbox 1267 3803 2937 3872; baseline 0.002 -20"><span class='ocrx_word' id='word_1_336' title='bbox 1267 3803 1483 3868; x_wconf 77' lang='lat' dir='ltr'><strong>despero</strong></span> <span class='ocrx_word' id='word_1_337' title='bbox 1527 3804 1663 3872; x_wconf 84' lang='lat' dir='ltr'><strong>fore,</strong></span> <span class='ocrx_word' id='word_1_338' title='bbox 1718 3813 1775 3857; x_wconf 92' lang='lat' dir='ltr'><strong>ut</strong></span> <span class='ocrx_word' id='word_1_339' title='bbox 1821 3808 2054 3858; x_wconf 88' lang='lat' dir='ltr'><strong>nonnulli</strong></span> <span class='ocrx_word' id='word_1_340' title='bbox 2096 3809 2149 3858; x_wconf 88' lang='lat' dir='ltr'><strong>in</strong></span> <span class='ocrx_word' id='word_1_341' title='bbox 2196 3809 2297 3859; x_wconf 87' lang='lat' dir='ltr'><strong>hoc</strong></span> <span class='ocrx_word' id='word_1_342' title='bbox 2343 3807 2494 3858; x_wconf 84' lang='lat' dir='ltr'><strong>etiam</strong></span> <span class='ocrx_word' id='word_1_343' title='bbox 2541 3809 2749 3872; x_wconf 87' lang='lat' dir='ltr'><strong>eclogae</strong></span> <span class='ocrx_word' id='word_1_344' title='bbox 2784 3821 2937 3857; x_wconf 77' lang='lat' dir='ltr'><strong>versu</strong></span> 
     </span>
     <span class='ocr_line' id='line_1_55' title="bbox 1266 3889 2936 3953; baseline 0.003 -16"><span class='ocrx_word' id='word_1_345' title='bbox 1266 3889 1562 3953; x_wconf 84' lang='lat' dir='ltr'><strong>praeferant</strong></span> <span class='ocrx_word' id='word_1_346' title='bbox 1606 3905 1791 3942; x_wconf 81' lang='lat' dir='ltr'><strong>vocem</strong></span> <span class='ocrx_word' id='word_1_347' title='bbox 1836 3893 2241 3945; x_wconf 76' lang='lat' dir='ltr'><strong>insolentiorem:</strong></span> <span class='ocrx_word' id='word_1_348' title='bbox 2301 3893 2571 3944; x_wconf 79' lang='lat' dir='ltr'><strong>verbere</strong></span> <span class='ocrx_word' id='word_1_349' title='bbox 2614 3894 2665 3942; x_wconf 90' lang='lat' dir='ltr'><strong>in</strong></span> <span class='ocrx_word' id='word_1_350' title='bbox 2712 3907 2775 3942; x_wconf 87' lang='lat' dir='ltr'><strong>ea</strong></span> <span class='ocrx_word' id='word_1_351' title='bbox 2819 3907 2936 3942; x_wconf 76' lang='lat' dir='ltr'><strong>sen-</strong></span> 
     </span>
     <span class='ocr_line' id='line_1_56' title="bbox 1269 3975 2938 4045; baseline 0.004 -21"><span class='ocrx_word' id='word_1_352' title='bbox 1269 3975 1429 4025; x_wconf 88' lang='lat' dir='ltr'><strong>tentia</strong></span> <span class='ocrx_word' id='word_1_353' title='bbox 1453 3975 1654 4038; x_wconf 87' lang='lat' dir='ltr'><strong>dictam,</strong></span> <span class='ocrx_word' id='word_1_354' title='bbox 1690 3978 1744 4026; x_wconf 82' lang='lat' dir='ltr'><strong>in</strong></span> <span class='ocrx_word' id='word_1_355' title='bbox 1768 3993 1869 4042; x_wconf 87' lang='lat' dir='ltr'><strong>qua</strong></span> <span class='ocrx_word' id='word_1_356' title='bbox 1896 3979 1960 4027; x_wconf 88' lang='lat' dir='ltr'><strong>ab</strong></span> <span class='ocrx_word' id='word_1_357' title='bbox 1997 3979 2111 4029; x_wconf 78' lang='lat' dir='ltr'><strong>aliis</strong></span> <span class='ocrx_word' id='word_1_358' title='bbox 2146 3995 2253 4030; x_wconf 85' lang='lat' dir='ltr'><strong>vox</strong></span> <span class='ocrx_word' id='word_1_359' title='bbox 2286 3981 2464 4029; x_wconf 83' lang='lat' dir='ltr'><strong>ictus</strong></span> <span class='ocrx_word' id='word_1_360' title='bbox 2498 3980 2622 4045; x_wconf 91' lang='lat' dir='ltr'><strong>poni</strong></span> <span class='ocrx_word' id='word_1_361' title='bbox 2655 3979 2805 4028; x_wconf 70' lang='lat' dir='ltr'><strong>solita</strong></span> <span class='ocrx_word' id='word_1_362' title='bbox 2842 3988 2938 4030; x_wconf 76' lang='lat' dir='ltr'><strong>eat.</strong></span> 
     </span>
     <span class='ocr_line' id='line_1_57' title="bbox 1269 4061 2941 4138; baseline 0.002 -28"><span class='ocrx_word' id='word_1_363' title='bbox 1269 4061 1570 4138; x_wconf 78' lang='lat' dir='ltr'><strong>Quintilian.</strong></span> <span class='ocrx_word' id='word_1_364' title='bbox 1597 4061 1696 4111; x_wconf 84' lang='lat' dir='ltr'><strong>VI.</strong></span> <span class='ocrx_word' id='word_1_365' title='bbox 1721 4063 1891 4113; x_wconf 82' lang='lat' dir='ltr'><strong>Praef.</strong></span> <span class='ocrx_word' id='word_1_366' title='bbox 1912 4079 1960 4128; x_wconf 88' lang='lat' dir='ltr'><strong>p.</strong></span> <span class='ocrx_word' id='word_1_367' title='bbox 1986 4064 2110 4115; x_wconf 82' lang='lat'>492:</span> <span class='ocrx_word' id='word_1_368' title='bbox 2148 4066 2302 4114; x_wconf 69' lang='lat' dir='ltr'><strong>simili</strong></span> <span class='ocrx_word' id='word_1_369' title='bbox 2328 4065 2450 4114; x_wconf 86' lang='lat' dir='ltr'><strong>ictu</strong></span> <span class='ocrx_word' id='word_1_370' title='bbox 2474 4065 2499 4114; x_wconf 87' lang='lat' dir='ltr'><strong>f</strong></span> <span class='ocrx_word' id='word_1_371' title='bbox 2506 4063 2741 4114; x_wconf 88' lang='lat' dir='ltr'><strong>erirer“</strong></span> <span class='ocrx_word' id='word_1_372' title='bbox 2780 4063 2833 4113; x_wconf 88' lang='lat' dir='ltr'><strong>id</strong></span> <span class='ocrx_word' id='word_1_373' title='bbox 2862 4074 2941 4114; x_wconf 84' lang='lat' dir='ltr'><strong>est</strong></span> 
     </span>
    </p>
   </div>
   <div class='ocr_carea' id='block_1_15' title="bbox 1067 4135 2748 4214">
    <p class='ocr_par' dir='ltr' id='par_1_21' title="bbox 1067 4135 2748 4214">
     <span class='ocr_line' id='line_1_58' title="bbox 1067 4135 2748 4214; baseline 0.004 -20"><span class='ocrx_word' id='word_1_374' title='bbox 1067 4135 1073 4148; x_wconf 83' lang='lat'>&#39;</span> <span class='ocrx_word' id='word_1_375' title='bbox 1155 4139 1162 4148; x_wconf 84' lang='grc'><em>’</em></span> <span class='ocrx_word' id='word_1_376' title='bbox 1270 4147 1532 4196; x_wconf 82' lang='lat' dir='ltr'><strong>verbere</strong></span> <span class='ocrx_word' id='word_1_377' title='bbox 1571 4143 1905 4210; x_wconf 83' lang='lat' dir='ltr'><strong>fortunae,</strong></span> <span class='ocrx_word' id='word_1_378' title='bbox 1942 4151 2081 4213; x_wconf 88' lang='lat' dir='ltr'><strong>quod</strong></span> <span class='ocrx_word' id='word_1_379' title='bbox 2118 4151 2253 4213; x_wconf 88' lang='lat' dir='ltr'><strong>apud</strong></span> <span class='ocrx_word' id='word_1_380' title='bbox 2290 4147 2513 4199; x_wconf 86' lang='lat' dir='ltr'><strong>Gellium</strong></span> <span class='ocrx_word' id='word_1_381' title='bbox 2548 4151 2748 4214; x_wconf 86' lang='lat' dir='ltr'><strong>legitur.</strong></span> 
     </span>
    </p>
   </div>
   <div class='ocr_carea' id='block_1_16' title="bbox 929 4231 1230 4291">
    <p class='ocr_par' dir='ltr' id='par_1_22' title="bbox 929 4231 1230 4291">
     <span class='ocr_line' id='line_1_59' title="bbox 929 4231 1230 4291; baseline 0.007 -13"><span class='ocrx_word' id='word_1_382' title='bbox 929 4253 992 4264; x_wconf 90' lang='lat'><strong>·-</strong></span> <span class='ocrx_word' id='word_1_383' title='bbox 1030 4233 1112 4291; x_wconf 90' lang='grc'><strong>80,</strong></span> <span class='ocrx_word' id='word_1_384' title='bbox 1149 4231 1230 4280; x_wconf 89' lang='grc'><strong>34.</strong></span> 
     </span>
    </p>
   </div>
   <div class='ocr_carea' id='block_1_17' title="bbox 1266 4227 2940 4380">
    <p class='ocr_par' dir='ltr' id='par_1_23' title="bbox 1266 4227 2940 4380">
     <span class='ocr_line' id='line_1_60' title="bbox 1270 4227 2940 4299; baseline 0.004 -19"><span class='ocrx_word' id='word_1_385' title='bbox 1270 4231 1334 4282; x_wconf 82' lang='lat' dir='ltr'><strong>cf.</strong></span> <span class='ocrx_word' id='word_1_386' title='bbox 1381 4227 1546 4281; x_wconf 88' lang='lat' dir='ltr'><strong>Theb.</strong></span> <span class='ocrx_word' id='word_1_387' title='bbox 1590 4229 1657 4280; x_wconf 89' lang='lat'><strong>11.</strong></span> <span class='ocrx_word' id='word_1_388' title='bbox 1704 4233 1832 4284; x_wconf 84' lang='grc'><strong>3543</strong></span> <span class='ocrx_word' id='word_1_389' title='bbox 1878 4231 2057 4282; x_wconf 78' lang='lat' dir='ltr'><strong>oscula</strong></span> <span class='ocrx_word' id='word_1_390' title='bbox 2082 4231 2350 4284; x_wconf 80' lang='lat' dir='ltr'><strong>&#39;moestis</strong></span> <span class='ocrx_word' id='word_1_391' title='bbox 2386 4234 2715 4299; x_wconf 74' lang='lat' dir='ltr'><strong>Tempestiva</strong></span> <span class='ocrx_word' id='word_1_392' title='bbox 2750 4236 2940 4298; x_wconf 82' lang='lat' dir='ltr'><strong>genie</strong></span> 
     </span>
     <span class='ocr_line' id='line_1_61' title="bbox 1266 4315 1453 4380; baseline 0.005 -15"><span class='ocrx_word' id='word_1_393' title='bbox 1266 4315 1453 4380; x_wconf 82' lang='lat' dir='ltr'><strong>posuit.</strong></span> 
     </span>
    </p>
   </div>
  </div>
 </body>
</html>
