3234 4967
703 398 829 471 116
1601 396 1827 461 Ᾱάιιοῑ.
1861 396 1946 459 71.

695 612 995 679 Handius
1040 609 1202 678 silv.
1248 634 1313 699 p.
1361 609 1492 675 245
1538 608 1910 676 defendisse
1957 608 2080 676 sibi
2127 610 2308 676 visus
2353 619 2487 693 est,
2536 610 2624 676 ad
2671 611 2840 689 simi-

693 719 1035 785 litudinem
1105 716 1358 784 Sidonii
1426 714 1713 803 Apollin.
1785 714 2004 781 Oarm.
2087 716 2303 782 XXlI.
2374 716 2538 786 203:
2609 725 2841 781 tenero

694 827 1086 893 calentem
1132 822 1217 889 ab
1262 828 1457 889 ortu“
1503 822 1613 909 (ef.
1671 822 1958 893 Martial.
2005 822 2186 895 XlV.
2249 822 2379 890 206
2397 871 2418 905 ,
2466 823 2538 887 2:
2588 821 2838 888 Ceston

696 932 779 997 de
824 931 1103 997 Veneris
1152 930 1296 994 sinu
1342 926 1664 994 calentem
1679 927 1758 1016 “)
1815 924 1883 993 et
1940 926 2282 996 ‚Iuvenalis
2343 926 2498 993 VII.
2562 927 2718 995 197:
2767 937 2833 992 et

694 1036 908 1104 adhue
998 1036 1093 1102 de
1180 1044 1436 1101 matre
1478 1032 2003 1100 .rubentem“
2086 1034 2370 1103 restituit
2461 1057 2502 1099 a
2575 1042 2840 1100 matre

695 1143 1019 1211 calente
1036 1147 1168 1207 m.“

1651 1376 1735 1457 V.
1799 1377 1891 1457 71.

874 1555 1547 1649 „Poscentemque
1616 1578 1868 1621 novas
1934 1552 2310 1622 tremulis
2385 1552 2844 1621 ululatibus

698 1686 963 1731 auras.
1052 1662 1285 1729 Nullus
1322 1663 1391 1727 in
1422 1662 1524 1727 his
1570 1685 1816 1727 sensus.
1907 1660 2138 1729 Jnfans
2186 1661 2358 1727 enim
2403 1661 2601 1727 modo
2651 1670 2842 1727 natus

696 1793 829 1836 non
860 1771 1133 1858 poscit
1162 1791 1369 1835 novas
1402 1790 1595 1835 auras
1626 1765 1999 1851 ululatibus,
2031 1788 2177 1831 eum
2207 1776 2385 1832 certe
2415 1764 2563 1855 plus
2594 1788 2842 1834 aurae

687 1880 829 1965 jam
873 1874 1132 1957 habeat,
1181 1896 1375 1963 quam
1436 1896 1578 1939 eum
1649 1875 1716 1939 in
1787 1873 2016 1941 matris
2082 1882 2269 1938 utero
2339 1872 2626 1939 inclusus
2696 1873 2834 1939 fuit.

700 1983 923 2065 Quare
970 1982 1169 2066 igitur
1222 1990 1617 2069 posceret
1689 2001 1954 2064 auras,
2024 2002 2167 2045 cum
2226 1982 2367 2069 jam
2437 1981 2504 2045 in
2573 2001 2840 2046 auram

700 2095 1061 2175 apertam
1093 2086 1309 2153 editus
1339 2086 1473 2153 sit?
1520 2086 1794 2174 aequius
1823 2095 1988 2171 erat,
2035 2095 2109 2152 ut
2141 2085 2469 2158 diceretur
2506 2107 2700 2174 ,pose
2715 2106 2844 2151 ere

698 2215 987 2263 novum
1034 2194 1622 2259 nutrimentum
1682 2189 1789 2259 vel
1844 2215 2252 2261 mammam
2320 2193 2582 2275 matris,
2652 2214 2843 2279 quam

699 2321 909 2367 auras.
954 2299 1231 2386 Scripsit
1276 2298 1553 2366 Statius:
1600 2299 1984 2365 Pulsante
2006 2320 2256 2386 mque.
2315 2297 2561 2365 Auson.
2608 2296 2841 2385 Epigr.

704 2406 863 2471 1082
910 2405 1239 2493 Principio
1284 2406 1579 2473 tremulis
1627 2405 2004 2492 gannitibus
2061 2420 2254 2470 aera
2309 2402 2545 2492 pulsat.
2595 2403 2844 2471 Lucan.

704 2510 803 2575 Vl.
865 2511 1014 2576 225.
1089 2509 1205 2578 Sil.
1274 2510 1486 2577 XVll.
1556 2512 1678 2578 36:
1747 2510 2204 2599 pulsantem
2273 2508 2560 2576 calcibus
2628 2531 2843 2576 auras.

702 2615 1047 2683 Claudian.
1080 2617 1291 2683 Praef.
1326 2617 1513 2683 Eutr.
1547 2618 1628 2685 ΙΙ.
1663 2616 1775 2683 51:
1822 2615 2102 2705 pulsas
2134 2656 2220 2667 —-
2252 2625 2430 2685 astra
2461 2614 2844 2705 querelis.

700 2721 893 2788 Ovid.
944 2723 1105 2789 Met.
1150 2723 1263 2788 ΙΙΙ.
1333 2725 1477 2789 706.
1527 2723 1764 2789 Avien.
1812 2723 1898 2789 D.
1947 2721 2030 2789 Ο.
2081 2722 2233 2789 753:
2279 2744 2480 2789 aera
2523 2720 2846 2812 pulsant

700 2828 760 2895 V
780 2828 1089 2895 oeibus.
1159 2829 1333 2895 idem
1405 2830 1537 2895 842
1605 2830 1690 2895 de
1747 2830 1968 2897 Tauro
2027 2838 2280 2896 monte:
2351 2827 2588 2895 flexilis
2657 2848 2845 2895 aera

700 2933 997 3021 pulsat,
1060 2934 1174 3003 ubi
1227 2935 1397 3001 forte
1440 2934 1858 3001 scribendum
1917 2934 2295 3001 flexibus.
2401 2930 2842 3023 Impellere

699 3062 941 3107 auras
986 3040 1217 3106 eodem
1250 3063 1444 3107 sensu
1476 3040 1752 3107 Ovidius
1783 3040 1939 3109 Met.
1989 3038 2080 3107 lll.
2129 3042 2234 3107 20.
2269 3038 2618 3107 Contrario
2647 3039 2844 3105 modo

699 3155 1013 3213 mutatam
1060 3169 1102 3211 a
1145 3145 1429 3213 librariis
1462 3146 1633 3213 hane
1677 3168 1906 3213 vocem
1952 3146 2150 3212 eredo
2181 3146 2396 3214 Protr-
2431 3144 2644 3233 Crisp.
2698 3146 2842 3228 125,

698 3250 813 3317 ubi
858 3274 977 3339 pro
1024 3251 1301 3339 pulsat
1346 3261 1507 3340 puto
1556 3254 1837 3319 Statium
1884 3253 2220 3340 scripsisse
2267 3253 2602 3343 poscit.“
2657 3252 2843 3318 Haec

700 3356 1131 3423 Marklandus
1178 3358 1515 3423 doetrinae
1570 3360 1777 3448 copiis
1822 3359 1984 3424 mire
2033 3359 2295 3425 abusus.
2411 3358 2617 3441 Quasi
2683 3379 2844 3424 vero

699 3462 903 3529 lateat
932 3464 1247 3530 infantem
1278 3463 1561 3531 describi
1607 3487 1754 3529 eum
1789 3466 2070 3531 maxime
2114 3464 2380 3531 vitalem
2427 3486 2506 3531 ae
2553 3463 2842 3551 dignum,

700 3571 811 3657 qui
843 3593 885 3635 a
912 3570 1125 3637 Statio
1155 3572 1381 3636 vitae
1414 3571 1964 3636 insereretur.
2029 3572 2176 3655 Quo
2207 3571 2345 3637 fere
2379 3570 2612 3637 eodem
2644 3569 2842 3636 modo

698 3674 947 3742 Achill.
996 3676 1038 3740 Ι.
1088 3676 1252 3741 558:
1290 3677 1430 3765 jam
1478 3675 1817 3743 dextras
1863 3676 2191 3743 Ithacesia
2235 3676 2546 3744 carbasus
2589 3698 2844 3742 auras

699 3781 985 3848 Poscit.“
1052 3782 1277 3847 Burin.
1337 3780 1484 3847 val.
1544 3780 1762 3847 Flaee.
1819 3781 1872 3847 I.
1921 3782 2006 3845 99
2066 3806 2130 3869 p.
2177 3785 2259 3849 31
2311 3792 2380 3848 et
2422 3782 2553 3849 543
2597 3806 2666 3871 p.
2719 3782 2843 3845 103

700 3896 768 3952 et
812 3910 938 3975 quo
986 3886 1129 3953 loeo
1178 3886 1391 3969 docet,
1439 3888 1551 3975 qui
1584 3886 1768 3953 fluvii
1812 3909 2156 3976 poscere
2202 3910 2417 3955 mare
2461 3888 2572 3954 vel
2617 3897 2844 3953 ortus

702 3993 1023 4078 dieantur,
1074 3992 1415 4059 Claudian.
1464 3994 1615 4059 Ruf.
1647 3993 1702 4059 I.
1741 3994 1868 4059 120
1911 4018 1980 4082 Ρ.
2025 3996 2132 4060 39.
2201 3994 2342 4061 Nee
2385 3991 2844 4061 Wakefieldus

699 4097 962 4163 Lueret.
1036 4098 1115 4163 ΙΙ.
1185 4099 1312 4165 367
1373 4106 1504 4164 non
1574 4100 1786 4187 ipsum
1854 4099 1984 4167 hoe·
2047 4110 2524 4189 poscentem
2593 4110 2844 4167 tuetur:

697 4204 901 4270 refert
944 4204 1337 4269 Duebnerus
1383 4227 1447 4293 p.
1496 4206 1647 4270 293.
