3234 4967
1381 382 1603 433 Adnot.
1644 380 1737 432 46.
2544 378 2627 445 75

485 588 660 655 dian.
737 588 928 654 Eutr.
999 590 1074 653 11.
1145 587 1297 654 335.
1371 588 1582 655 Drak.
1652 588 1799 656 Liv.
1871 586 2089 655 XXU.
2162 580 2222 671 7,
2290 588 2333 653 4
2379 613 2442 676 p.
2490 589 2629 679 55).

486 698 675 763 xlx.
701 696 766 760 6.
799 718 859 783 Ρ.
895 695 1026 761 368
1052 695 1573 783 carioribusque
1606 695 1987 762 visceribuS.
2014 696 2207 761 Witt.
2240 696 2629 763 canoribus.

485 800 750 869 Petron.
824 801 910 867 83
965 824 1025 889 Ρ.
1077 801 1206 868 533
1252 800 1573 889 Hylam:
1621 800 1869 867 hilari.
1940 799 2098 867 alibi
2141 823 2368 865 usus:
2414 802 2631 867 risus

491 905 765 993 Quintil.
835 905 1026 972 Decl.
1080 906 1194 972 lV.
1261 908 1334 973 11
1389 932 1454 997 Ρ.
1518 909 1624 989 92.
1674 906 1891 973 adnot.
1956 931 2017 972 v.
2067 907 2173 973 87.
2222 905 2428 973 Theb.
2476 905 2630 973 Vlll.

486 1016 650 1081 400:
701 1013 984 1101 suspiria
1025 1014 1316 1079 fumant.
1349 1013 1431 1080 al.
1479 1015 1804 1097 firmant,
1852 1022 1927 1079 ut
1956 1012 2387 1080 Monacensis.
2436 1014 2631 1081 tria:

489 1132 615 1188 tua
660 1116 864 1187 Sinid.
901 1142 1046 1208 cap.
1095 1118 1138 1184 l.
1184 1121 1248 1185 4.
1280 1143 1344 1209 p.
1385 1120 1464 1186 15
1494 1129 1633 1187 not.
1682 1122 1745 1186 2.
1780 1120 2076 1209 Oonject.
2111 1120 2264 1185 XV.
2305 1118 2631 1185 Emendd.
2672 1176 2680 1187 ,

487 1230 684 1316 Prop‚
725 1225 886 1293 vlll.
931 1226 1027 1316 4.)
1074 1228 1203 1293 ista
1245 1229 1621 1293 nimirum
1666 1248 1872 1309 cum,
1934 1226 2019 1292 ad
2078 1248 2247 1314 quae
2294 1226 2635 1314 prodenda

489 1333 776 1400 dubitari
826 1341 1048 1420 ‘potest
1105 1356 1190 1398 an
1246 1332 1524 1399 valuerit
1582 1334 1949 1399 recordatio
1996 1332 2155 1399 Silv.
2211 1330 2279 1398 ll.
2342 1332 2409 1415 1,
2476 1330 2635 1397 1752

491 1440 668 1522 Quid
711 1439 995 1505 mirum?
1057 1438 1169 1527 (V.
1221 1441 1279 1523 1,
1337 1441 1441 1504 81.
1501 1440 1608 1505 43.
1666 1437 1754 1505 lll.
1804 1440 1877 1522 3,
1944 1439 2091 1504 167.
2156 1437 2495 1505 claudian.
2554 1438 2637 1505 R.

492 1546 672 1613 ProS.
717 1544 810 1613 Ill.
858 1546 1006 1611 278.
1057 1546 1223 1613 Stat.
1281 1546 1488 1611 Theb.
1535 1544 1602 1610 ll.
1652 1544 1783 1611 265
1828 1555 1896 1612 et
1940 1544 2055 1612 Sil.
2112 1544 2222 1612 Xl.
2270 1546 2431 1613 393:
2488 1566 2633 1611 nec

500 1653 729 1718 mirum
773 1653 855 1718 cf.
903 1652 1128 1717 Burm.
1178 1650 1374 1718 Ovid.
1435 1652 1597 1718 Her.
1645 1651 1821 1719 XV1.
1882 1652 1969 1718 24
2012 1674 2074 1741 Ρ.
2140 1653 2291 1719 220.
2347 1648 2634 1717 Martial.

498 1757 577 1823 V.
629 1756 729 1842 74,
777 1761 848 1826 3:
898 1757 1074 1842 Quid
1119 1759 1420 1824 mirum.
1481 1759 1737 1825 Thuan.
1800 1758 1977 1843 Quid
2031 1755 2465 1845 nimirum),
2524 1765 2637 1822 aut

493 1885 658 1952 quae
723 1865 1282 1952 interlfretationis
1350 1867 1565 1952 gratia
1634 1865 1787 1931 olim
1866 1864 2095 1935 addita
2158 1864 2359 1929 fuisse
2426 1860 2636 1927 videri

491 1978 708 2058 queat,
755 1990 985 2037 vocem
1033 1972 1132 2036 im
1147 1980 1588 2037 murmurat
1646 1974 1715 2037 in
1783 1971 1957 2037 hunc
2000 1970 2265 2040 modum
2310 1967 2640 2037 reconcin-

491 2098 719 2145 nemus
766 2074 877 2166 (in
922 2078 1076 2143 mir
1119 2099 1328 2143 cum:
1375 2078 1524 2143 iam
1571 2100 1693 2143 mu
1751 2077 2009 2168 cant):

867 2237 1003 2290 lam
1044 2244 1346 2289 mussant
1379 2236 1655 2302 (nosco)
1690 2253 1809 2290 ora
1848 2237 2055 2290 domus.

495 2384 683 2466 Quae
707 2376 854 2448 cuin
877 2383 1072 2451 Statii
1095 2383 1360 2470 ingenio
1386 2392 1452 2448 et
1473 2404 1657 2448 more
1682 2384 1947 2469 egregie
1972 2384 2323 2449 convenire
2357 2381 2503 2468 quis
2534 2387 2635 2443 est

496 2490 655 2576 quin
692 2490 936 2555 sentiat
973 2510 1052 2555 ac
1086 2488 1451 2554 concedat?
1489 2490 1899 2555 Documento
1936 2498 2037 2555 est
2070 2487 2178 2555 vel
2214 2486 2419 2554 Theb.
2453 2488 2540 2553 X.
2570 2504 2637 2549 v.

498 2595 661 2660 582:
694 2594 764 2659 hi
793 2595 1072 2660 reddere
1107 2596 1374 2661 fratrem
1404 2595 1572 2660 Nec
1615 2605 2010 2679 mussant,
2058 2594 2176 2660 sed
2228 2616 2391 2659 voce
2417 2592 2638 2682 >palam

496 2699 802 2787 ciaroque
849 2700 1129 2765 tumultu
1158 2701 1462 2767 Reddere
1493 2724 1702 2789 regna
1733 2702 2017 2789 jubent“
2064 2700 2177 2789 (cf.
2208 2700 2251 2767 l.
2304 2700 2463 2765 168:
2508 2698 2639 2788 jam

496 2820 891 2871 murmura
944 2817 1288 2895 serpunt
1339 2806 1637 2874 Plebis.“
1713 2808 2008 2896 Dempst.
2073 2806 2344 2894 Coripp.
2415 2807 2638 2871 lustin.

496 2910 539 2975 l.
587 2912 717 2977 313
761 2932 827 2999 Ρ.
874 2911 1036 3001 344)
1085 2921 1153 2977 et
1195 2914 1540 2980 Petronius
1577 2914 1705 2979 132
1750 2938 1812 3003 Ρ.
1861 2915 2027 2979 812:
2073 2921 2341 3000 totaque
2394 2911 2641 2977 familia

495 3018 670 3111 inter
713 3039 782 3083 se
829 3023 1178 3083 mussat“
1225 3028 1292 3083 et
1337 3020 1572 3107 quibus
1615 3021 1719 3085 usi
1788 3019 1948 3085 locis
2016 3019 2084 3086 id
2154 3018 2429 3085 verbum
2498 3034 2638 3083 esse

495 3122 1021 3210 „indignantium
1053 3134 1122 3189 et
1151 3127 1720 3212 conquerentium,
1771 3126 1887 3191 sed
1918 3124 2134 3213 palam
2166 3122 2466 3213 proloqui
2510 3144 2642 3189 non

495 3230 873 3295 audentium
889 3233 931 3269 “
978 3230 1506 3297 demonstrarunt
1535 3231 1845 3297 Barthius
1876 3231 2082 3297 Theb.
2128 3229 2217 3297 lll.
2264 3232 2351 3295 92
2395 3253 2461 3318 Ρ.
2508 3228 2639 3294 698

497 3345 564 3401 et
607 3334 718 3402 Xl.
767 3334 900 3400 455
963 3360 1031 3424 p.
1081 3338 1270 3402 1366.
1321 3338 1570 3403 Savaro
1632 3337 1850 3403 Sidon.
1914 3335 2202 3426 Apollin.
2248 3334 2461 3424 Epist.
2508 3332 2640 3400 Vll.

499 3444 540 3506 9
585 3464 656 3530 Ρ.
697 3442 824 3507 441
897 3451 966 3507 et
1032 3440 1142 3509 lX.
1196 3443 1278 3507 16
1345 3467 1409 3532 p.
1469 3444 1623 3508 615.
1691 3442 2187 3532 Havercampus
2256 3423 2639 3539 Tertuliian.

497 3544 690 3635 Apol.
744 3548 820 3613 11
871 3571 936 3636 Ρ.
989 3549 1136 3614 123.
1167 3548 1749 3615 Drakenborchius
1788 3550 1936 3615 Liv.
1984 3546 2113 3614 Vll.
2147 3548 2255 3633 25,
2293 3550 2326 3614 1
2375 3570 2441 3635 Ρ.
2490 3548 2641 3613 203.

497 3650 894 3718 Arntzenius
923 3658 1054 3719 Inc.
1079 3652 1326 3741 Paneg.
1348 3654 1762 3722 Constantin.
1807 3657 1867 3739 2,
1900 3658 1942 3721 3
1974 3677 2039 3743 Ρ.
2070 3654 2223 3720 469.
2252 3652 2641 3720 Μθῐοὶιαιιᾶ.

499 3758 747 3845 Paneg.
801 3759 960 3825 107:
1005 3782 1152 3825 nec
1197 3760 1480 3827 dicere
1511 3766 1937 3827 mussant.“
1982 3758 2084 3825 Ac
2128 3782 2212 3825 ne
2258 3759 2417 3850 quid
2462 3780 2645 3847 prae·

499 3864 865 3953 termissum
897 3874 1110 3953 putee,
1159 3878 1472 3933 musant
1517 3868 1829 3955 scriptum
1862 3876 2047 3933 extat
2074 3867 2145 3932 in
2174 3865 2379 3931 Ment.
2410 3865 2637 3932 Parrh.

500 3968 690 4035 Leid.
738 3972 922 4057 Virg.
973 3972 1218 4058 Georg.
1267 3972 1376 4037 IV.
1427 3975 1552 4041 188
1601 3985 1668 4039 et
1710 3974 1780 4037 in
1834 3972 2011 4039 Livii
2066 3970 2419 4057 codicibuS,
2479 3994 2645 4061 quoe

499 4078 790 4143 nominat
817 4076 1404 4145 Drakenborchius
1431 4079 1474 4145 l.
1509 4080 1571 4147 d.
1606 4090 1673 4145 et
1701 4080 1745 4146 l.
1778 4076 1885 4163 50,
1910 4080 1951 4144 3
1982 4102 2047 4167 p.
2080 4078 2233 4144 378.
2267 4074 2646 4145 Massant

501 4202 638 4248 ora
682 4193 899 4250 autem
949 4184 1043 4250 sic
1091 4184 1334 4250 dictum
1381 4194 1500 4269 est,
1547 4195 1624 4252 ut
1667 4182 1874 4252 Theb.
1932 4184 2017 4249 X.
2068 4184 2227 4249 625:
2283 4204 2457 4249 nuno
2504 4198 2645 4249 ora

497 4290 798 4355 canentis
873 4290 1332 4380 Nequidquam
1399 4292 1763 4357 reticere
1830 4300 2042 4376 rogat.
2122 4289 2232 4359 Xl.
2296 4290 2423 4356 156:
2491 4290 2643 4355 Jam

502 4392 720 4479 gelida
789 4411 930 4462 ora
997 4405 1294 4463 tacent.
1422 4395 1619 4461 Ovid.
1681 4392 1845 4463 Met.
1912 4398 2031 4463 iX.
2080 4398 2249 4464 392:
2296 4396 2646 4460 Desierant
