<?xml version="1.0" encoding="UTF-8"?>
<!DOCTYPE html PUBLIC "-//W3C//DTD XHTML 1.0 Transitional//EN"
    "http://www.w3.org/TR/xhtml1/DTD/xhtml1-transitional.dtd">
<html xmlns="http://www.w3.org/1999/xhtml" xml:lang="en" lang="en">
 <head>
  <title>
</title>
<meta http-equiv="Content-Type" content="text/html;charset=utf-8" />
  <meta name='ocr-system' content='tesseract 3.04.00' />
  <meta name='ocr-capabilities' content='ocr_page ocr_carea ocr_par ocr_line ocrx_word'/>
</head>
<body>
  <div class='ocr_page' id='page_1' title='image "./ppapiniistatiie00ungegoog_0090.png"; bbox 0 0 3234 4967; ppageno 0'>
   <div class='ocr_carea' id='block_1_1' title="bbox 656 405 1939 474">
    <p class='ocr_par' dir='ltr' id='par_1_1' title="bbox 656 405 1939 474">
     <span class='ocr_line' id='line_1_1' title="bbox 656 405 1939 474; baseline -0.005 -3"><span class='ocrx_word' id='word_1_1' title='bbox 656 405 740 474; x_wconf 79' lang='lat'>82</span> <span class='ocrx_word' id='word_1_2' title='bbox 1589 410 1817 467; x_wconf 75' lang='lat' dir='ltr'>Aduot.</span> <span class='ocrx_word' id='word_1_3' title='bbox 1853 412 1939 466; x_wconf 84' lang='lat'>53.</span> 
     </span>
    </p>
   </div>
   <div class='ocr_carea' id='block_1_2' title="bbox 639 612 2815 3265">
    <p class='ocr_par' dir='ltr' id='par_1_2' title="bbox 639 612 2815 3265">
     <span class='ocr_line' id='line_1_2' title="bbox 654 612 2807 706; baseline 0.005 -26"><span class='ocrx_word' id='word_1_4' title='bbox 654 612 1144 700; x_wconf 79' lang='lat' dir='ltr'>liginemerso</span> <span class='ocrx_word' id='word_1_5' title='bbox 1177 612 1490 682; x_wconf 83' lang='lat' dir='ltr'>Obvius</span> <span class='ocrx_word' id='word_1_6' title='bbox 1543 615 1780 682; x_wconf 82' lang='lat' dir='ltr'><strong>adfer</strong></span> <span class='ocrx_word' id='word_1_7' title='bbox 1832 639 2082 706; x_wconf 86' lang='lat' dir='ltr'>opem.</span> <span class='ocrx_word' id='word_1_8' title='bbox 2142 619 2285 684; x_wconf 84' lang='lat' dir='ltr'>viso</span> <span class='ocrx_word' id='word_1_9' title='bbox 2340 619 2463 686; x_wconf 90' lang='lat' dir='ltr'>sic</span> <span class='ocrx_word' id='word_1_10' title='bbox 2494 622 2807 691; x_wconf 81' lang='lat' dir='ltr'>funere.</span> 
     </span>
     <span class='ocr_line' id='line_1_3' title="bbox 654 719 2815 799; baseline 0.005 -14"><span class='ocrx_word' id='word_1_11' title='bbox 654 720 830 787; x_wconf 80' lang='lat' dir='ltr'>Dan.</span> <span class='ocrx_word' id='word_1_12' title='bbox 874 719 1216 790; x_wconf 74' lang='lat' dir='ltr'>Heinsius:</span> <span class='ocrx_word' id='word_1_13' title='bbox 1268 722 1488 789; x_wconf 88' lang='lat' dir='ltr'>obruis</span> <span class='ocrx_word' id='word_1_14' title='bbox 1535 745 1882 799; x_wconf 83' lang='lat' dir='ltr'>arsurus.</span> <span class='ocrx_word' id='word_1_15' title='bbox 1952 723 2093 790; x_wconf 88' lang='lat' dir='ltr'>Nic.</span> <span class='ocrx_word' id='word_1_16' title='bbox 2126 723 2439 792; x_wconf 79' lang='lat' dir='ltr'>Heinsius</span> <span class='ocrx_word' id='word_1_17' title='bbox 2482 727 2661 796; x_wconf 82' lang='lat' dir='ltr'><strong>Adv.</strong></span> <span class='ocrx_word' id='word_1_18' title='bbox 2707 731 2815 798; x_wconf 93' lang='lat' dir='ltr'>lV.</span> 
     </span>
     <span class='ocr_line' id='line_1_4' title="bbox 655 825 2811 918; baseline 0.006 -26"><span class='ocrx_word' id='word_1_19' title='bbox 655 828 700 892; x_wconf 90' lang='lat'><strong>4</strong></span> <span class='ocrx_word' id='word_1_20' title='bbox 744 851 810 917; x_wconf 89' lang='lat' dir='ltr'>p.</span> <span class='ocrx_word' id='word_1_21' title='bbox 841 825 1006 894; x_wconf 82' lang='lat'>595:</span> <span class='ocrx_word' id='word_1_22' title='bbox 1049 850 1216 918; x_wconf 84' lang='lat' dir='ltr'>„pro</span> <span class='ocrx_word' id='word_1_23' title='bbox 1248 851 1291 896; x_wconf 85' lang='lat' dir='ltr'>a</span> <span class='ocrx_word' id='word_1_24' title='bbox 1318 829 1520 896; x_wconf 87' lang='lat' dir='ltr'>duro</span> <span class='ocrx_word' id='word_1_25' title='bbox 1553 829 1757 898; x_wconf 87' lang='lat' dir='ltr'>editio</span> <span class='ocrx_word' id='word_1_26' title='bbox 1787 831 2004 896; x_wconf 84' lang='lat' dir='ltr'>Parm.</span> <span class='ocrx_word' id='word_1_27' title='bbox 2048 829 2140 898; x_wconf 88' lang='lat' dir='ltr'>ah</span> <span class='ocrx_word' id='word_1_28' title='bbox 2176 830 2495 900; x_wconf 87' lang='lat' dir='ltr'>durum:</span> <span class='ocrx_word' id='word_1_29' title='bbox 2528 835 2811 904; x_wconf 81' lang='lat' dir='ltr'>fortasse</span> 
     </span>
     <span class='ocr_line' id='line_1_5' title="bbox 656 933 2810 1011; baseline 0.005 -11"><span class='ocrx_word' id='word_1_30' title='bbox 656 933 1067 1001; x_wconf 85' lang='lat' dir='ltr'>scribendum</span> <span class='ocrx_word' id='word_1_31' title='bbox 1122 935 1337 1002; x_wconf 83' lang='lat' dir='ltr'>haud</span> <span class='ocrx_word' id='word_1_32' title='bbox 1384 934 1677 1002; x_wconf 88' lang='lat' dir='ltr'>dudum</span> <span class='ocrx_word' id='word_1_33' title='bbox 1730 937 1871 1002; x_wconf 83' lang='lat' dir='ltr'>viso</span> <span class='ocrx_word' id='word_1_34' title='bbox 1914 937 2027 1002; x_wconf 89' lang='lat' dir='ltr'>sic</span> <span class='ocrx_word' id='word_1_35' title='bbox 2070 935 2405 1004; x_wconf 83' lang='lat' dir='ltr'>vulnere“.</span> <span class='ocrx_word' id='word_1_36' title='bbox 2456 939 2810 1011; x_wconf 74' lang='lat' dir='ltr'><strong>Gruterus:</strong></span> 
     </span>
     <span class='ocr_line' id='line_1_6' title="bbox 656 1039 2810 1125; baseline 0.005 -19"><span class='ocrx_word' id='word_1_37' title='bbox 656 1039 918 1109; x_wconf 84' lang='lat' dir='ltr'>Obruis.</span> <span class='ocrx_word' id='word_1_38' title='bbox 967 1040 1052 1110; x_wconf 80' lang='lat' dir='ltr'>ah</span> <span class='ocrx_word' id='word_1_39' title='bbox 1098 1041 1372 1125; x_wconf 86' lang='lat' dir='ltr'>durus,</span> <span class='ocrx_word' id='word_1_40' title='bbox 1421 1043 1564 1110; x_wconf 84' lang='lat' dir='ltr'>viso</span> <span class='ocrx_word' id='word_1_41' title='bbox 1613 1043 1680 1110; x_wconf 92' lang='lat' dir='ltr'>si</span> <span class='ocrx_word' id='word_1_42' title='bbox 1721 1042 2011 1110; x_wconf 84' lang='lat' dir='ltr'>vulnere.</span> <span class='ocrx_word' id='word_1_43' title='bbox 2084 1042 2495 1114; x_wconf 80' lang='lat' dir='ltr'>Gronovius:</span> <span class='ocrx_word' id='word_1_44' title='bbox 2546 1048 2810 1118; x_wconf 85' lang='lat' dir='ltr'>Obruis.</span> 
     </span>
     <span class='ocr_line' id='line_1_7' title="bbox 653 1146 2813 1242; baseline 0.006 -30"><span class='ocrx_word' id='word_1_45' title='bbox 653 1146 905 1233; x_wconf 82' lang='lat' dir='ltr'>haud,</span> <span class='ocrx_word' id='word_1_46' title='bbox 976 1148 1124 1215; x_wconf 90' lang='lat' dir='ltr'>diro</span> <span class='ocrx_word' id='word_1_47' title='bbox 1168 1150 1311 1215; x_wconf 80' lang='lat' dir='ltr'>viso</span> <span class='ocrx_word' id='word_1_48' title='bbox 1383 1151 1500 1216; x_wconf 88' lang='lat' dir='ltr'>sic</span> <span class='ocrx_word' id='word_1_49' title='bbox 1579 1148 1851 1216; x_wconf 82' lang='lat' dir='ltr'>vulnere</span> <span class='ocrx_word' id='word_1_50' title='bbox 1919 1173 2112 1216; x_wconf 86' lang='lat' dir='ltr'>carae</span> <span class='ocrx_word' id='word_1_51' title='bbox 2177 1151 2519 1242; x_wconf 82' lang='lat' dir='ltr'>Oonj-ugis,</span> <span class='ocrx_word' id='word_1_52' title='bbox 2566 1195 2655 1207; x_wconf 85' lang='lat'>--</span> <span class='ocrx_word' id='word_1_53' title='bbox 2702 1159 2813 1224; x_wconf 87' lang='lat' dir='ltr'>sic</span> 
     </span>
     <span class='ocr_line' id='line_1_8' title="bbox 653 1253 2807 1346; baseline 0.005 -26"><span class='ocrx_word' id='word_1_54' title='bbox 653 1253 846 1321; x_wconf 82' lang='lat' dir='ltr'>busta</span> <span class='ocrx_word' id='word_1_55' title='bbox 889 1254 1040 1323; x_wconf 87' lang='lat' dir='ltr'>Lini</span> <span class='ocrx_word' id='word_1_56' title='bbox 1070 1254 1450 1344; x_wconf 84' lang='lat' dir='ltr'>complexus</span> <span class='ocrx_word' id='word_1_57' title='bbox 1480 1253 1720 1346; x_wconf 89' lang='lat' dir='ltr'>Apollo</span> <span class='ocrx_word' id='word_1_58' title='bbox 1755 1256 1809 1324; x_wconf 83' lang='lat' dir='ltr'>C</span> <span class='ocrx_word' id='word_1_59' title='bbox 1828 1257 2130 1322; x_wconf 86' lang='lat' dir='ltr'>onticui</span> <span class='ocrx_word' id='word_1_60' title='bbox 2153 1262 2246 1322; x_wconf 84' lang='lat' dir='ltr'>t.“</span> <span class='ocrx_word' id='word_1_61' title='bbox 2336 1259 2807 1331; x_wconf 84' lang='lat' dir='ltr'>Marklandus:</span> 
     </span>
     <span class='ocr_line' id='line_1_9' title="bbox 655 1361 2805 1448; baseline 0.003 -20"><span class='ocrx_word' id='word_1_62' title='bbox 655 1361 897 1428; x_wconf 87' lang='lat' dir='ltr'>Obruis</span> <span class='ocrx_word' id='word_1_63' title='bbox 942 1361 1282 1448; x_wconf 80' lang='lat' dir='ltr'>indigna</span> <span class='ocrx_word' id='word_1_64' title='bbox 1333 1361 1440 1430; x_wconf 87' lang='lat' dir='ltr'>vel</span> <span class='ocrx_word' id='word_1_65' title='bbox 1483 1362 1829 1430; x_wconf 87' lang='lat' dir='ltr'>insolita</span> <span class='ocrx_word' id='word_1_66' title='bbox 1875 1361 1980 1429; x_wconf 87' lang='lat' dir='ltr'>vel</span> <span class='ocrx_word' id='word_1_67' title='bbox 2026 1363 2119 1432; x_wconf 78' lang='lat' dir='ltr'>ah</span> <span class='ocrx_word' id='word_1_68' title='bbox 2180 1363 2375 1430; x_wconf 86' lang='lat' dir='ltr'>dira.</span> <span class='ocrx_word' id='word_1_69' title='bbox 2476 1367 2637 1432; x_wconf 86' lang='lat' dir='ltr'>Viso</span> <span class='ocrx_word' id='word_1_70' title='bbox 2686 1370 2805 1435; x_wconf 89' lang='lat' dir='ltr'>sic</span> 
     </span>
     <span class='ocr_line' id='line_1_10' title="bbox 652 1467 2801 1560; baseline 0.003 -27"><span class='ocrx_word' id='word_1_71' title='bbox 652 1467 991 1536; x_wconf 83' lang='lat' dir='ltr'>vulnere.“</span> <span class='ocrx_word' id='word_1_72' title='bbox 1040 1469 1339 1552; x_wconf 78' lang='lat' dir='ltr'>Quorum</span> <span class='ocrx_word' id='word_1_73' title='bbox 1369 1469 1517 1554; x_wconf 89' lang='lat' dir='ltr'>hoc,</span> <span class='ocrx_word' id='word_1_74' title='bbox 1567 1469 1746 1558; x_wconf 90' lang='lat' dir='ltr'>quod</span> <span class='ocrx_word' id='word_1_75' title='bbox 1776 1479 2107 1558; x_wconf 85' lang='lat' dir='ltr'>postremo</span> <span class='ocrx_word' id='word_1_76' title='bbox 2154 1470 2298 1538; x_wconf 91' lang='lat' dir='ltr'>loco</span> <span class='ocrx_word' id='word_1_77' title='bbox 2349 1473 2633 1560; x_wconf 84' lang='lat' dir='ltr'>positum</span> <span class='ocrx_word' id='word_1_78' title='bbox 2680 1484 2801 1559; x_wconf 85' lang='lat' dir='ltr'>est,</span> 
     </span>
     <span class='ocr_line' id='line_1_11' title="bbox 652 1575 2802 1666; baseline 0.003 -24"><span class='ocrx_word' id='word_1_79' title='bbox 652 1575 995 1664; x_wconf 82' lang='lat' dir='ltr'>probatum</span> <span class='ocrx_word' id='word_1_80' title='bbox 1051 1575 1411 1649; x_wconf 87' lang='lat' dir='ltr'>Duebnero</span> <span class='ocrx_word' id='word_1_81' title='bbox 1486 1575 1919 1665; x_wconf 78' lang='lat' dir='ltr'>Queckioque</span> <span class='ocrx_word' id='word_1_82' title='bbox 1989 1599 2072 1642; x_wconf 90' lang='lat' dir='ltr'>ne</span> <span class='ocrx_word' id='word_1_83' title='bbox 2143 1578 2312 1644; x_wconf 85' lang='lat' dir='ltr'>tanti</span> <span class='ocrx_word' id='word_1_84' title='bbox 2372 1577 2635 1666; x_wconf 87' lang='lat' dir='ltr'>quidem</span> <span class='ocrx_word' id='word_1_85' title='bbox 2680 1591 2802 1664; x_wconf 87' lang='lat' dir='ltr'>est,</span> 
     </span>
     <span class='ocr_line' id='line_1_12' title="bbox 651 1681 2807 1772; baseline 0.002 -23"><span class='ocrx_word' id='word_1_86' title='bbox 651 1684 879 1770; x_wconf 82' lang='lat' dir='ltr'>quanti</span> <span class='ocrx_word' id='word_1_87' title='bbox 924 1681 1102 1772; x_wconf 86' lang='lat' dir='ltr'>apud</span> <span class='ocrx_word' id='word_1_88' title='bbox 1149 1681 1582 1750; x_wconf 80' lang='lat' dir='ltr'><strong>Claudianum</strong></span> <span class='ocrx_word' id='word_1_89' title='bbox 1628 1682 1781 1748; x_wconf 86' lang='lat' dir='ltr'>Ruf.</span> <span class='ocrx_word' id='word_1_90' title='bbox 1829 1681 1897 1748; x_wconf 91' lang='lat' dir='ltr'>ll.</span> <span class='ocrx_word' id='word_1_91' title='bbox 1944 1683 2112 1748; x_wconf 82' lang='lat'>479:</span> <span class='ocrx_word' id='word_1_92' title='bbox 2173 1705 2335 1772; x_wconf 86' lang='lat' dir='ltr'>quos</span> <span class='ocrx_word' id='word_1_93' title='bbox 2393 1683 2567 1751; x_wconf 86' lang='lat' dir='ltr'>nolle</span> <span class='ocrx_word' id='word_1_94' title='bbox 2611 1687 2807 1755; x_wconf 83' lang='lat' dir='ltr'>fateri</span> 
     </span>
     <span class='ocr_line' id='line_1_13' title="bbox 650 1788 2808 1882; baseline 0.002 -28"><span class='ocrx_word' id='word_1_95' title='bbox 650 1788 947 1874; x_wconf 83' lang='lat' dir='ltr'>Viderit,</span> <span class='ocrx_word' id='word_1_96' title='bbox 1017 1789 1104 1856; x_wconf 86' lang='lat' dir='ltr'>ad</span> <span class='ocrx_word' id='word_1_97' title='bbox 1171 1789 1372 1877; x_wconf 83' lang='lat' dir='ltr'>rigidi</span> <span class='ocrx_word' id='word_1_98' title='bbox 1441 1790 1827 1856; x_wconf 80' lang='lat' dir='ltr'>transmittit</span> <span class='ocrx_word' id='word_1_99' title='bbox 1896 1789 2179 1857; x_wconf 88' lang='lat' dir='ltr'>verbera</span> <span class='ocrx_word' id='word_1_100' title='bbox 2250 1791 2501 1877; x_wconf 83' lang='lat' dir='ltr'>fratris,</span> <span class='ocrx_word' id='word_1_101' title='bbox 2522 1796 2564 1832; x_wconf 85' lang='lat'><strong>“</strong></span> <span class='ocrx_word' id='word_1_102' title='bbox 2632 1792 2808 1882; x_wconf 89' lang='lat' dir='ltr'>quod</span> 
     </span>
     <span class='ocr_line' id='line_1_14' title="bbox 647 1893 2805 1987; baseline 0.003 -28"><span class='ocrx_word' id='word_1_103' title='bbox 647 1893 892 1962; x_wconf 81' lang='lat' dir='ltr'>habent</span> <span class='ocrx_word' id='word_1_104' title='bbox 936 1895 1152 1961; x_wconf 87' lang='lat' dir='ltr'>Vatic.</span> <span class='ocrx_word' id='word_1_105' title='bbox 1201 1917 1329 1961; x_wconf 84' lang='lat' dir='ltr'>sec.</span> <span class='ocrx_word' id='word_1_106' title='bbox 1376 1905 1528 1962; x_wconf 87' lang='lat' dir='ltr'>tert.</span> <span class='ocrx_word' id='word_1_107' title='bbox 1581 1893 1871 1963; x_wconf 85' lang='lat' dir='ltr'>Thuan.:</span> <span class='ocrx_word' id='word_1_108' title='bbox 1919 1895 2021 1962; x_wconf 87' lang='lat' dir='ltr'>ad</span> <span class='ocrx_word' id='word_1_109' title='bbox 2069 1896 2289 1984; x_wconf 83' lang='lat' dir='ltr'>duri3</span> <span class='ocrx_word' id='word_1_110' title='bbox 2340 1898 2485 1987; x_wconf 87' lang='lat' dir='ltr'>quis</span> <span class='ocrx_word' id='word_1_111' title='bbox 2516 1899 2691 1964; x_wconf 88' lang='lat' dir='ltr'>enim</span> <span class='ocrx_word' id='word_1_112' title='bbox 2736 1901 2805 1965; x_wconf 85' lang='lat' dir='ltr'>in</span> 
     </span>
     <span class='ocr_line' id='line_1_15' title="bbox 649 2000 2806 2091; baseline 0.003 -24"><span class='ocrx_word' id='word_1_113' title='bbox 649 2000 948 2088; x_wconf 86' lang='lat' dir='ltr'>legendis</span> <span class='ocrx_word' id='word_1_114' title='bbox 995 2011 1338 2090; x_wconf 82' lang='lat' dir='ltr'>poetarum</span> <span class='ocrx_word' id='word_1_115' title='bbox 1387 2003 1647 2091; x_wconf 87' lang='lat' dir='ltr'>scriptis</span> <span class='ocrx_word' id='word_1_116' title='bbox 1677 2000 1786 2069; x_wconf 85' lang='lat' dir='ltr'>vel</span> <span class='ocrx_word' id='word_1_117' title='bbox 1814 2002 2240 2070; x_wconf 81' lang='lat' dir='ltr'>mediocriter</span> <span class='ocrx_word' id='word_1_118' title='bbox 2286 2012 2592 2072; x_wconf 85' lang='lat' dir='ltr'>versatus</span> <span class='ocrx_word' id='word_1_119' title='bbox 2636 2006 2806 2074; x_wconf 72' lang='lat' dir='ltr'>feret</span> 
     </span>
     <span class='ocr_line' id='line_1_16' title="bbox 647 2109 2801 2197; baseline 0.003 -25"><span class='ocrx_word' id='word_1_120' title='bbox 647 2109 948 2176; x_wconf 89' lang='lat' dir='ltr'>inertiam</span> <span class='ocrx_word' id='word_1_121' title='bbox 993 2109 1176 2176; x_wconf 77' lang='lat' dir='ltr'>vocis</span> <span class='ocrx_word' id='word_1_122' title='bbox 1221 2109 1291 2175; x_wconf 90' lang='lat' dir='ltr'>in</span> <span class='ocrx_word' id='word_1_123' title='bbox 1335 2110 1496 2193; x_wconf 82' lang='lat' dir='ltr'>ista,</span> <span class='ocrx_word' id='word_1_124' title='bbox 1545 2132 1738 2197; x_wconf 83' lang='lat' dir='ltr'>quam</span> <span class='ocrx_word' id='word_1_125' title='bbox 1785 2109 2123 2195; x_wconf 83' lang='lat' dir='ltr'>videmus,</span> <span class='ocrx_word' id='word_1_126' title='bbox 2186 2110 2343 2176; x_wconf 86' lang='lat' dir='ltr'>sede</span> <span class='ocrx_word' id='word_1_127' title='bbox 2392 2109 2801 2178; x_wconf 75' lang='lat' dir='ltr'>collocatae?</span> 
     </span>
     <span class='ocr_line' id='line_1_17' title="bbox 645 2214 2805 2304; baseline 0.002 -23"><span class='ocrx_word' id='word_1_128' title='bbox 645 2214 780 2282; x_wconf 87' lang='lat' dir='ltr'>Sed</span> <span class='ocrx_word' id='word_1_129' title='bbox 810 2224 877 2283; x_wconf 87' lang='lat' dir='ltr'>et</span> <span class='ocrx_word' id='word_1_130' title='bbox 921 2216 1045 2283; x_wconf 90' lang='lat' dir='ltr'>hoc</span> <span class='ocrx_word' id='word_1_131' title='bbox 1075 2217 1411 2284; x_wconf 79' lang='lat' dir='ltr'>inventum</span> <span class='ocrx_word' id='word_1_132' title='bbox 1445 2224 1512 2282; x_wconf 89' lang='lat' dir='ltr'>et</span> <span class='ocrx_word' id='word_1_133' title='bbox 1542 2215 1797 2304; x_wconf 88' lang='lat' dir='ltr'>reliqua</span> <span class='ocrx_word' id='word_1_134' title='bbox 1827 2217 1984 2282; x_wconf 88' lang='lat' dir='ltr'>satis</span> <span class='ocrx_word' id='word_1_135' title='bbox 2016 2225 2117 2282; x_wconf 89' lang='lat' dir='ltr'>est</span> <span class='ocrx_word' id='word_1_136' title='bbox 2162 2217 2256 2283; x_wconf 86' lang='lat' dir='ltr'>sic</span> <span class='ocrx_word' id='word_1_137' title='bbox 2302 2217 2641 2284; x_wconf 84' lang='lat' dir='ltr'>confutare</span> <span class='ocrx_word' id='word_1_138' title='bbox 2661 2267 2682 2303; x_wconf 84' lang='lat'><em>‚</em></span> <span class='ocrx_word' id='word_1_139' title='bbox 2730 2227 2805 2284; x_wconf 90' lang='lat' dir='ltr'>ut</span> 
     </span>
     <span class='ocr_line' id='line_1_18' title="bbox 649 2321 2799 2411; baseline 0.001 -23"><span class='ocrx_word' id='word_1_140' title='bbox 649 2331 934 2408; x_wconf 86' lang='lat' dir='ltr'>eruatur,</span> <span class='ocrx_word' id='word_1_141' title='bbox 985 2322 1145 2411; x_wconf 86' lang='lat' dir='ltr'>quid</span> <span class='ocrx_word' id='word_1_142' title='bbox 1189 2323 1330 2388; x_wconf 83' lang='lat' dir='ltr'>veri</span> <span class='ocrx_word' id='word_1_143' title='bbox 1377 2323 1462 2388; x_wconf 88' lang='lat' dir='ltr'>sit</span> <span class='ocrx_word' id='word_1_144' title='bbox 1504 2323 1573 2388; x_wconf 91' lang='lat' dir='ltr'>in</span> <span class='ocrx_word' id='word_1_145' title='bbox 1617 2321 1771 2390; x_wconf 85' lang='lat' dir='ltr'>libri</span> <span class='ocrx_word' id='word_1_146' title='bbox 1813 2322 2255 2410; x_wconf 85' lang='lat' dir='ltr'>Rehdigerari</span> <span class='ocrx_word' id='word_1_147' title='bbox 2284 2325 2600 2390; x_wconf 86' lang='lat' dir='ltr'>memoria</span> <span class='ocrx_word' id='word_1_148' title='bbox 2644 2324 2799 2392; x_wconf 85' lang='lat' dir='ltr'>hac:</span> 
     </span>
     <span class='ocr_line' id='line_1_19' title="bbox 645 2425 2803 2521; baseline 0 -25"><span class='ocrx_word' id='word_1_149' title='bbox 645 2427 898 2496; x_wconf 86' lang='lat' dir='ltr'>aduro</span> <span class='ocrx_word' id='word_1_150' title='bbox 937 2432 1173 2521; x_wconf 88' lang='lat' dir='ltr'>justo</span> <span class='ocrx_word' id='word_1_151' title='bbox 1245 2431 1312 2494; x_wconf 86' lang='lat' dir='ltr'>si</span> <span class='ocrx_word' id='word_1_152' title='bbox 1369 2425 1641 2495; x_wconf 83' lang='lat' dir='ltr'>vulnere</span> <span class='ocrx_word' id='word_1_153' title='bbox 1689 2438 1867 2495; x_wconf 87' lang='lat' dir='ltr'>tare</span> <span class='ocrx_word' id='word_1_154' title='bbox 1914 2469 2003 2478; x_wconf 92' lang='lat'>—-</span> <span class='ocrx_word' id='word_1_155' title='bbox 2048 2431 2113 2495; x_wconf 89' lang='lat' dir='ltr'>si</span> <span class='ocrx_word' id='word_1_156' title='bbox 2159 2428 2371 2496; x_wconf 86' lang='lat' dir='ltr'>busta.</span> <span class='ocrx_word' id='word_1_157' title='bbox 2468 2429 2803 2497; x_wconf 83' lang='lat' dir='ltr'>Constitu·</span> 
     </span>
     <span class='ocr_line' id='line_1_20' title="bbox 644 2534 2791 2622; baseline 0 -20"><span class='ocrx_word' id='word_1_158' title='bbox 644 2535 854 2604; x_wconf 83' lang='lat' dir='ltr'>endae</span> <span class='ocrx_word' id='word_1_159' title='bbox 886 2537 1043 2602; x_wconf 88' lang='lat' dir='ltr'>fidei</span> <span class='ocrx_word' id='word_1_160' title='bbox 1074 2545 1297 2604; x_wconf 86' lang='lat' dir='ltr'>autem</span> <span class='ocrx_word' id='word_1_161' title='bbox 1344 2535 1470 2602; x_wconf 88' lang='lat' dir='ltr'>hoc</span> <span class='ocrx_word' id='word_1_162' title='bbox 1511 2537 1700 2603; x_wconf 90' lang='lat' dir='ltr'>initio</span> <span class='ocrx_word' id='word_1_163' title='bbox 1733 2558 1811 2600; x_wconf 90' lang='lat' dir='ltr'>ac</span> <span class='ocrx_word' id='word_1_164' title='bbox 1854 2534 2278 2602; x_wconf 86' lang='lat' dir='ltr'>fundamento</span> <span class='ocrx_word' id='word_1_165' title='bbox 2310 2534 2625 2602; x_wconf 87' lang='lat' dir='ltr'>utendum</span> <span class='ocrx_word' id='word_1_166' title='bbox 2672 2546 2791 2622; x_wconf 85' lang='lat' dir='ltr'>est,</span> 
     </span>
     <span class='ocr_line' id='line_1_21' title="bbox 644 2641 2793 2733; baseline -0.001 -23"><span class='ocrx_word' id='word_1_167' title='bbox 644 2642 824 2732; x_wconf 86' lang='lat' dir='ltr'>quod</span> <span class='ocrx_word' id='word_1_168' title='bbox 893 2642 1230 2733; x_wconf 86' lang='lat' dir='ltr'>Orpheum</span> <span class='ocrx_word' id='word_1_169' title='bbox 1301 2654 1370 2709; x_wconf 90' lang='lat' dir='ltr'>et</span> <span class='ocrx_word' id='word_1_170' title='bbox 1413 2642 1556 2710; x_wconf 85' lang='lat' dir='ltr'>viso</span> <span class='ocrx_word' id='word_1_171' title='bbox 1626 2645 1923 2730; x_wconf 85' lang='lat' dir='ltr'>conjugis</span> <span class='ocrx_word' id='word_1_172' title='bbox 1966 2643 2207 2709; x_wconf 66' lang='lat' dir='ltr'>funere</span> <span class='ocrx_word' id='word_1_173' title='bbox 2264 2650 2331 2709; x_wconf 85' lang='lat' dir='ltr'>et</span> <span class='ocrx_word' id='word_1_174' title='bbox 2412 2665 2498 2710; x_wconf 82' lang='lat' dir='ltr'>ex</span> <span class='ocrx_word' id='word_1_175' title='bbox 2564 2641 2793 2709; x_wconf 84' lang='lat' dir='ltr'>inferis</span> 
     </span>
     <span class='ocr_line' id='line_1_22' title="bbox 640 2748 2797 2838; baseline 0 -24"><span class='ocrx_word' id='word_1_176' title='bbox 640 2751 885 2817; x_wconf 84' lang='lat' dir='ltr'>frustra</span> <span class='ocrx_word' id='word_1_177' title='bbox 950 2773 1290 2818; x_wconf 84' lang='lat' dir='ltr'>reversum</span> <span class='ocrx_word' id='word_1_178' title='bbox 1360 2749 1595 2816; x_wconf 86' lang='lat' dir='ltr'>solatia</span> <span class='ocrx_word' id='word_1_179' title='bbox 1669 2748 1995 2815; x_wconf 86' lang='lat' dir='ltr'>cantando</span> <span class='ocrx_word' id='word_1_180' title='bbox 2066 2750 2467 2838; x_wconf 76' lang='lat' dir='ltr'>quaesivisse</span> <span class='ocrx_word' id='word_1_181' title='bbox 2538 2757 2797 2816; x_wconf 84' lang='lat' dir='ltr'>constat</span> 
     </span>
     <span class='ocr_line' id='line_1_23' title="bbox 639 2853 2787 2942; baseline -0 -20"><span class='ocrx_word' id='word_1_182' title='bbox 639 2859 1030 2925; x_wconf 80' lang='lat' dir='ltr'>testimoniis</span> <span class='ocrx_word' id='word_1_183' title='bbox 1075 2881 1209 2925; x_wconf 89' lang='lat' dir='ltr'>non</span> <span class='ocrx_word' id='word_1_184' title='bbox 1239 2855 1446 2924; x_wconf 89' lang='lat' dir='ltr'>solum</span> <span class='ocrx_word' id='word_1_185' title='bbox 1479 2853 1742 2942; x_wconf 86' lang='lat' dir='ltr'>Virgilii</span> <span class='ocrx_word' id='word_1_186' title='bbox 1777 2855 2023 2942; x_wconf 82' lang='lat' dir='ltr'>Georg.</span> <span class='ocrx_word' id='word_1_187' title='bbox 2072 2853 2181 2920; x_wconf 93' lang='lat' dir='ltr'>lV.</span> <span class='ocrx_word' id='word_1_188' title='bbox 2226 2855 2359 2920; x_wconf 83' lang='lat'>464</span> <span class='ocrx_word' id='word_1_189' title='bbox 2407 2865 2472 2921; x_wconf 90' lang='lat' dir='ltr'>et</span> <span class='ocrx_word' id='word_1_190' title='bbox 2502 2856 2610 2920; x_wconf 89' lang='lat' dir='ltr'>cui</span> <span class='ocrx_word' id='word_1_191' title='bbox 2638 2854 2787 2922; x_wconf 89' lang='lat' dir='ltr'>loco</span> 
     </span>
     <span class='ocr_line' id='line_1_24' title="bbox 639 2960 2789 3050; baseline -0.001 -20"><span class='ocrx_word' id='word_1_192' title='bbox 639 2987 774 3032; x_wconf 83' lang='lat' dir='ltr'>non</span> <span class='ocrx_word' id='word_1_193' title='bbox 815 2965 1103 3032; x_wconf 86' lang='lat' dir='ltr'>intendit</span> <span class='ocrx_word' id='word_1_194' title='bbox 1147 2960 1581 3030; x_wconf 86' lang='lat' dir='ltr'>Marklandus</span> <span class='ocrx_word' id='word_1_195' title='bbox 1652 2985 1715 3050; x_wconf 87' lang='lat' dir='ltr'>p.</span> <span class='ocrx_word' id='word_1_196' title='bbox 1774 2962 1925 3028; x_wconf 86' lang='lat'><strong>409.</strong></span> <span class='ocrx_word' id='word_1_197' title='bbox 1974 2985 2036 3046; x_wconf 84' lang='lat' dir='ltr'>a,</span> <span class='ocrx_word' id='word_1_198' title='bbox 2082 2961 2215 3027; x_wconf 81' lang='lat'>510</span> <span class='ocrx_word' id='word_1_199' title='bbox 2261 2984 2377 3050; x_wconf 68' lang='lat' dir='ltr'>sq„</span> <span class='ocrx_word' id='word_1_200' title='bbox 2428 2962 2547 3028; x_wconf 85' lang='lat' dir='ltr'>sed</span> <span class='ocrx_word' id='word_1_201' title='bbox 2592 2963 2789 3028; x_wconf 84' lang='lat' dir='ltr'>etiam</span> 
     </span>
     <span class='ocr_line' id='line_1_25' title="bbox 645 3067 2779 3159; baseline -0.001 -22"><span class='ocrx_word' id='word_1_202' title='bbox 645 3070 870 3139; x_wconf 87' lang='lat' dir='ltr'>Ovidii</span> <span class='ocrx_word' id='word_1_203' title='bbox 917 3072 1076 3138; x_wconf 78' lang='lat' dir='ltr'>Met.</span> <span class='ocrx_word' id='word_1_204' title='bbox 1124 3072 1216 3138; x_wconf 88' lang='lat' dir='ltr'>X.</span> <span class='ocrx_word' id='word_1_205' title='bbox 1263 3070 1348 3136; x_wconf 87' lang='grc'>88</span> <span class='ocrx_word' id='word_1_206' title='bbox 1399 3093 1494 3159; x_wconf 85' lang='lat' dir='ltr'>sq.</span> <span class='ocrx_word' id='word_1_207' title='bbox 1543 3077 1609 3134; x_wconf 86' lang='lat' dir='ltr'>et</span> <span class='ocrx_word' id='word_1_208' title='bbox 1636 3069 1889 3135; x_wconf 87' lang='lat' dir='ltr'>Lucani</span> <span class='ocrx_word' id='word_1_209' title='bbox 1941 3067 2147 3157; x_wconf 87' lang='lat' dir='ltr'>Orph.</span> <span class='ocrx_word' id='word_1_210' title='bbox 2194 3068 2272 3135; x_wconf 89' lang='lat' dir='ltr'>fr.</span> <span class='ocrx_word' id='word_1_211' title='bbox 2321 3067 2429 3134; x_wconf 90' lang='lat' dir='ltr'>Vl.</span> <span class='ocrx_word' id='word_1_212' title='bbox 2477 3067 2779 3158; x_wconf 79' lang='lat' dir='ltr'>(Quaest.</span> 
     </span>
     <span class='ocr_line' id='line_1_26' title="bbox 641 3172 2785 3265; baseline -0.003 -20"><span class='ocrx_word' id='word_1_213' title='bbox 641 3179 722 3246; x_wconf 85' lang='lat' dir='ltr'>de</span> <span class='ocrx_word' id='word_1_214' title='bbox 767 3179 1018 3244; x_wconf 88' lang='lat' dir='ltr'>Lucan.</span> <span class='ocrx_word' id='word_1_215' title='bbox 1069 3177 1288 3244; x_wconf 76' lang='lat' dir='ltr'>carm.</span> <span class='ocrx_word' id='word_1_216' title='bbox 1335 3175 1653 3264; x_wconf 86' lang='lat' dir='ltr'>Reliquiis</span> <span class='ocrx_word' id='word_1_217' title='bbox 1699 3199 1763 3264; x_wconf 87' lang='lat' dir='ltr'>p.</span> <span class='ocrx_word' id='word_1_218' title='bbox 1812 3175 1885 3265; x_wconf 90' lang='lat'>3)</span> <span class='ocrx_word' id='word_1_219' title='bbox 1955 3185 2021 3241; x_wconf 89' lang='lat' dir='ltr'>et</span> <span class='ocrx_word' id='word_1_220' title='bbox 2088 3197 2250 3264; x_wconf 83' lang='lat' dir='ltr'>quos</span> <span class='ocrx_word' id='word_1_221' title='bbox 2298 3173 2571 3258; x_wconf 74' lang='lat' dir='ltr'>Quaest.</span> <span class='ocrx_word' id='word_1_222' title='bbox 2628 3172 2671 3238; x_wconf 82' lang='lat' dir='ltr'>l.</span> <span class='ocrx_word' id='word_1_223' title='bbox 2720 3175 2785 3241; x_wconf 89' lang='lat' dir='ltr'>d.</span> 
     </span>
    </p>
   </div>
   <div class='ocr_carea' id='block_1_3' title="bbox 635 3264 2943 3374">
    <p class='ocr_par' dir='ltr' id='par_1_3' title="bbox 635 3264 2943 3374">
     <span class='ocr_line' id='line_1_27' title="bbox 635 3264 2943 3374; baseline -0.019 10"><span class='ocrx_word' id='word_1_224' title='bbox 635 3309 702 3374; x_wconf 88' lang='lat' dir='ltr'>P·</span> <span class='ocrx_word' id='word_1_225' title='bbox 749 3285 796 3350; x_wconf 81' lang='lat'><strong>4</strong></span> <span class='ocrx_word' id='word_1_226' title='bbox 842 3309 939 3374; x_wconf 69' lang='lat' dir='ltr'>Sq-</span> <span class='ocrx_word' id='word_1_227' title='bbox 987 3283 1379 3366; x_wconf 69' lang='lat' dir='ltr'>addidimus,</span> <span class='ocrx_word' id='word_1_228' title='bbox 1427 3282 1717 3350; x_wconf 87' lang='lat' dir='ltr'>Senecae</span> <span class='ocrx_word' id='word_1_229' title='bbox 1779 3283 1977 3348; x_wconf 90' lang='lat' dir='ltr'>Herc.</span> <span class='ocrx_word' id='word_1_230' title='bbox 2012 3281 2161 3348; x_wconf 91' lang='lat' dir='ltr'>Oet.</span> <span class='ocrx_word' id='word_1_231' title='bbox 2215 3281 2387 3347; x_wconf 87' lang='grc'>1090</span> <span class='ocrx_word' id='word_1_232' title='bbox 2417 3301 2495 3346; x_wconf 81' lang='lat' dir='ltr'>ac</span> <span class='ocrx_word' id='word_1_233' title='bbox 2524 3279 2791 3346; x_wconf 85' lang='lat' dir='ltr'>Boethii</span> <span class='ocrx_word' id='word_1_234' title='bbox 2930 3264 2943 3279; x_wconf 78' lang='lat'><em>⁰</em></span> 
     </span>
    </p>
   </div>
   <div class='ocr_carea' id='block_1_4' title="bbox 633 3383 2853 4543">
    <p class='ocr_par' dir='ltr' id='par_1_4' title="bbox 633 3383 2853 4543">
     <span class='ocr_line' id='line_1_28' title="bbox 636 3383 2853 3476; baseline -0.003 -18"><span class='ocrx_word' id='word_1_235' title='bbox 636 3391 833 3458; x_wconf 79' lang='lat' dir='ltr'>Cous.</span> <span class='ocrx_word' id='word_1_236' title='bbox 903 3388 1070 3458; x_wconf 92' lang='lat' dir='ltr'>Phil.</span> <span class='ocrx_word' id='word_1_237' title='bbox 1139 3389 1228 3456; x_wconf 89' lang='lat' dir='ltr'>lll.</span> <span class='ocrx_word' id='word_1_238' title='bbox 1289 3389 1483 3456; x_wconf 86' lang='lat' dir='ltr'>Metr.</span> <span class='ocrx_word' id='word_1_239' title='bbox 1541 3387 1679 3454; x_wconf 88' lang='grc' dir='ltr'>ΧΠ.</span> <span class='ocrx_word' id='word_1_240' title='bbox 1737 3387 1779 3453; x_wconf 83' lang='grc'>5</span> <span class='ocrx_word' id='word_1_241' title='bbox 1825 3412 1889 3476; x_wconf 89' lang='lat' dir='ltr'>p.</span> <span class='ocrx_word' id='word_1_242' title='bbox 1940 3389 2088 3454; x_wconf 82' lang='lat'><strong>782.</strong></span> <span class='ocrx_word' id='word_1_243' title='bbox 2136 3385 2222 3453; x_wconf 87' lang='lat' dir='ltr'>A.</span> <span class='ocrx_word' id='word_1_244' title='bbox 2292 3383 2485 3475; x_wconf 82' lang='lat' dir='ltr'>(quos</span> <span class='ocrx_word' id='word_1_245' title='bbox 2532 3386 2789 3476; x_wconf 80' lang='lat' dir='ltr'>sequuti</span> <span class='ocrx_word' id='word_1_246' title='bbox 2848 3439 2853 3444; x_wconf 90' lang='lat'><strong>.</strong></span> 
     </span>
     <span class='ocr_line' id='line_1_29' title="bbox 637 3490 2786 3582; baseline -0.002 -19"><span class='ocrx_word' id='word_1_247' title='bbox 637 3508 790 3565; x_wconf 82' lang='lat' dir='ltr'>sunt</span> <span class='ocrx_word' id='word_1_248' title='bbox 837 3497 1272 3566; x_wconf 84' lang='lat' dir='ltr'>Sannazarius</span> <span class='ocrx_word' id='word_1_249' title='bbox 1340 3495 1532 3582; x_wconf 88' lang='lat' dir='ltr'>Eleg.</span> <span class='ocrx_word' id='word_1_250' title='bbox 1581 3494 1669 3562; x_wconf 84' lang='lat' dir='ltr'>ad</span> <span class='ocrx_word' id='word_1_251' title='bbox 1712 3494 1959 3561; x_wconf 81' lang='lat' dir='ltr'>Juliam</span> <span class='ocrx_word' id='word_1_252' title='bbox 2024 3495 2380 3561; x_wconf 88' lang='lat' dir='ltr'>Senensem</span> <span class='ocrx_word' id='word_1_253' title='bbox 2435 3490 2479 3558; x_wconf 80' lang='lat' dir='ltr'>l.</span> <span class='ocrx_word' id='word_1_254' title='bbox 2526 3515 2591 3580; x_wconf 88' lang='lat' dir='ltr'>p.</span> <span class='ocrx_word' id='word_1_255' title='bbox 2639 3490 2786 3558; x_wconf 80' lang='lat'><strong>675.</strong></span> 
     </span>
     <span class='ocr_line' id='line_1_30' title="bbox 633 3596 2788 3690; baseline -0.004 -20"><span class='ocrx_word' id='word_1_256' title='bbox 633 3605 680 3670; x_wconf 85' lang='lat' dir='ltr'><strong>J</strong></span> <span class='ocrx_word' id='word_1_257' title='bbox 684 3627 926 3671; x_wconf 89' lang='lat' dir='ltr'>oannes</span> <span class='ocrx_word' id='word_1_258' title='bbox 957 3603 1299 3672; x_wconf 83' lang='lat' dir='ltr'>Secundus</span> <span class='ocrx_word' id='word_1_259' title='bbox 1331 3601 1486 3670; x_wconf 87' lang='lat' dir='ltr'>Silv.</span> <span class='ocrx_word' id='word_1_260' title='bbox 1519 3625 1584 3690; x_wconf 89' lang='lat' dir='ltr'>p.</span> <span class='ocrx_word' id='word_1_261' title='bbox 1620 3603 1745 3688; x_wconf 74' lang='lat'>331</span> <span class='ocrx_word' id='word_1_262' title='bbox 1797 3602 1880 3666; x_wconf 89' lang='lat' dir='ltr'>cf.</span> <span class='ocrx_word' id='word_1_263' title='bbox 1912 3601 2150 3668; x_wconf 87' lang='lat' dir='ltr'>Franc.</span> <span class='ocrx_word' id='word_1_264' title='bbox 2186 3599 2421 3668; x_wconf 83' lang='lat' dir='ltr'>Octav.</span> <span class='ocrx_word' id='word_1_265' title='bbox 2456 3596 2537 3664; x_wconf 90' lang='lat' dir='ltr'>de</span> <span class='ocrx_word' id='word_1_266' title='bbox 2570 3597 2788 3666; x_wconf 82' lang='lat' dir='ltr'>Cantu</span> 
     </span>
     <span class='ocr_line' id='line_1_31' title="bbox 637 3707 2789 3800; baseline -0.004 -22"><span class='ocrx_word' id='word_1_267' title='bbox 637 3711 854 3779; x_wconf 86' lang='lat' dir='ltr'>Juliae</span> <span class='ocrx_word' id='word_1_268' title='bbox 901 3709 1135 3800; x_wconf 85' lang='lat' dir='ltr'>Epigr.</span> <span class='ocrx_word' id='word_1_269' title='bbox 1181 3736 1247 3800; x_wconf 90' lang='lat' dir='ltr'>p.</span> <span class='ocrx_word' id='word_1_270' title='bbox 1273 3745 1280 3753; x_wconf 95' lang='lat'><strong>·</strong></span> <span class='ocrx_word' id='word_1_271' title='bbox 1303 3710 1426 3776; x_wconf 84' lang='lat'>139</span> <span class='ocrx_word' id='word_1_272' title='bbox 1499 3707 1631 3798; x_wconf 87' lang='lat' dir='ltr'>sq.)</span> <span class='ocrx_word' id='word_1_273' title='bbox 1691 3730 1904 3796; x_wconf 88' lang='lat' dir='ltr'>neque</span> <span class='ocrx_word' id='word_1_274' title='bbox 1975 3707 2235 3774; x_wconf 86' lang='lat' dir='ltr'>omnino</span> <span class='ocrx_word' id='word_1_275' title='bbox 2302 3712 2627 3794; x_wconf 86' lang='lat' dir='ltr'>repugnat</span> <span class='ocrx_word' id='word_1_276' title='bbox 2674 3711 2789 3771; x_wconf 88' lang='lat' dir='ltr'>aut</span> 
     </span>
     <span class='ocr_line' id='line_1_32' title="bbox 637 3811 2787 3907; baseline -0.004 -23"><span class='ocrx_word' id='word_1_277' title='bbox 637 3841 718 3884; x_wconf 88' lang='lat' dir='ltr'>ea</span> <span class='ocrx_word' id='word_1_278' title='bbox 760 3841 888 3902; x_wconf 85' lang='lat' dir='ltr'>res,</span> <span class='ocrx_word' id='word_1_279' title='bbox 935 3818 1113 3907; x_wconf 89' lang='lat' dir='ltr'>quod</span> <span class='ocrx_word' id='word_1_280' title='bbox 1158 3817 1366 3884; x_wconf 85' lang='lat' dir='ltr'>Statio</span> <span class='ocrx_word' id='word_1_281' title='bbox 1438 3824 1834 3904; x_wconf 79' lang='lat' dir='ltr'>„conspecto</span> <span class='ocrx_word' id='word_1_282' title='bbox 1905 3815 2203 3904; x_wconf 86' lang='lat' dir='ltr'>conjugis</span> <span class='ocrx_word' id='word_1_283' title='bbox 2260 3813 2414 3900; x_wconf 89' lang='lat' dir='ltr'>igne</span> <span class='ocrx_word' id='word_1_284' title='bbox 2464 3811 2787 3899; x_wconf 82' lang='lat' dir='ltr'>Odrysius</span> 
     </span>
     <span class='ocr_line' id='line_1_33' title="bbox 634 3919 2785 4013; baseline -0.005 -21"><span class='ocrx_word' id='word_1_285' title='bbox 634 3934 822 3992; x_wconf 82' lang='lat' dir='ltr'>vates</span> <span class='ocrx_word' id='word_1_286' title='bbox 867 3925 1099 4012; x_wconf 87' lang='lat' dir='ltr'>positis</span> <span class='ocrx_word' id='word_1_287' title='bbox 1135 3925 1222 3990; x_wconf 88' lang='lat' dir='ltr'>ad</span> <span class='ocrx_word' id='word_1_288' title='bbox 1251 3925 1605 4013; x_wconf 80' lang='lat' dir='ltr'>Strymona</span> <span class='ocrx_word' id='word_1_289' title='bbox 1634 3921 1901 4011; x_wconf 86' lang='lat' dir='ltr'>plectris</span> <span class='ocrx_word' id='word_1_290' title='bbox 1934 3919 2371 4010; x_wconf 85' lang='lat' dir='ltr'>Obstupuissc</span> <span class='ocrx_word' id='word_1_291' title='bbox 2404 3919 2785 4005; x_wconf 86' lang='lat' dir='ltr'>tristemque</span> 
     </span>
     <span class='ocr_line' id='line_1_34' title="bbox 636 4024 2785 4116; baseline -0.003 -22"><span class='ocrx_word' id='word_1_292' title='bbox 636 4051 867 4116; x_wconf 81' lang='lat' dir='ltr'>rogum</span> <span class='ocrx_word' id='word_1_293' title='bbox 918 4030 1056 4096; x_wconf 87' lang='lat' dir='ltr'>sine</span> <span class='ocrx_word' id='word_1_294' title='bbox 1089 4032 1373 4097; x_wconf 84' lang='lat' dir='ltr'>carmine</span> <span class='ocrx_word' id='word_1_295' title='bbox 1405 4030 1642 4096; x_wconf 84' lang='lat' dir='ltr'>flesse“</span> <span class='ocrx_word' id='word_1_296' title='bbox 1676 4028 1911 4095; x_wconf 88' lang='lat' dir='ltr'>dicitur</span> <span class='ocrx_word' id='word_1_297' title='bbox 1950 4025 2112 4094; x_wconf 86' lang='lat' dir='ltr'>Silv.</span> <span class='ocrx_word' id='word_1_298' title='bbox 2158 4025 2244 4091; x_wconf 89' lang='lat' dir='ltr'>V.</span> <span class='ocrx_word' id='word_1_299' title='bbox 2298 4026 2355 4110; x_wconf 85' lang='lat'>1,</span> <span class='ocrx_word' id='word_1_300' title='bbox 2390 4024 2541 4110; x_wconf 79' lang='lat'><strong>204,</strong></span> <span class='ocrx_word' id='word_1_301' title='bbox 2590 4045 2785 4114; x_wconf 88' lang='lat' dir='ltr'>quem</span> 
     </span>
     <span class='ocr_line' id='line_1_35' title="bbox 635 4129 2788 4226; baseline -0.001 -27"><span class='ocrx_word' id='word_1_302' title='bbox 635 4135 849 4201; x_wconf 89' lang='lat' dir='ltr'>locum</span> <span class='ocrx_word' id='word_1_303' title='bbox 880 4158 1012 4203; x_wconf 90' lang='lat' dir='ltr'>non</span> <span class='ocrx_word' id='word_1_304' title='bbox 1058 4137 1401 4226; x_wconf 85' lang='lat' dir='ltr'>praeteriit</span> <span class='ocrx_word' id='word_1_305' title='bbox 1429 4137 1741 4205; x_wconf 83' lang='lat' dir='ltr'>Heinsius</span> <span class='ocrx_word' id='word_1_306' title='bbox 1771 4133 1946 4200; x_wconf 90' lang='lat' dir='ltr'>Adv.</span> <span class='ocrx_word' id='word_1_307' title='bbox 1980 4133 2021 4198; x_wconf 88' lang='lat' dir='ltr'>l.</span> <span class='ocrx_word' id='word_1_308' title='bbox 2056 4131 2119 4198; x_wconf 91' lang='lat' dir='ltr'>d.</span> <span class='ocrx_word' id='word_1_309' title='bbox 2152 4155 2217 4221; x_wconf 88' lang='lat' dir='ltr'>p.</span> <span class='ocrx_word' id='word_1_310' title='bbox 2251 4130 2403 4216; x_wconf 80' lang='lat'><strong>595,</strong></span> <span class='ocrx_word' id='word_1_311' title='bbox 2452 4141 2569 4198; x_wconf 89' lang='lat' dir='ltr'>aut</span> <span class='ocrx_word' id='word_1_312' title='bbox 2610 4129 2788 4220; x_wconf 88' lang='lat' dir='ltr'>quod</span> 
     </span>
     <span class='ocr_line' id='line_1_36' title="bbox 633 4235 2787 4332; baseline -0.002 -25"><span class='ocrx_word' id='word_1_313' title='bbox 633 4241 1049 4329; x_wconf 83' lang='lat' dir='ltr'>„neglectum</span> <span class='ocrx_word' id='word_1_314' title='bbox 1095 4242 1208 4309; x_wconf 86' lang='lat' dir='ltr'>diu</span> <span class='ocrx_word' id='word_1_315' title='bbox 1254 4243 1416 4310; x_wconf 87' lang='lat' dir='ltr'>ebur</span> <span class='ocrx_word' id='word_1_316' title='bbox 1447 4252 1803 4332; x_wconf 86' lang='lat' dir='ltr'>ereptaque</span> <span class='ocrx_word' id='word_1_317' title='bbox 1833 4239 2157 4328; x_wconf 81' lang='lat' dir='ltr'>Nymphis</span> <span class='ocrx_word' id='word_1_318' title='bbox 2204 4235 2480 4304; x_wconf 85' lang='lat' dir='ltr'>solatia“</span> <span class='ocrx_word' id='word_1_319' title='bbox 2526 4237 2787 4326; x_wconf 84' lang='lat' dir='ltr'>scripsit</span> 
     </span>
     <span class='ocr_line' id='line_1_37' title="bbox 635 4341 2787 4436; baseline -0.002 -24"><span class='ocrx_word' id='word_1_320' title='bbox 635 4346 1039 4414; x_wconf 83' lang='lat' dir='ltr'>Claudianus</span> <span class='ocrx_word' id='word_1_321' title='bbox 1081 4348 1164 4415; x_wconf 77' lang='lat' dir='ltr'>R,</span> <span class='ocrx_word' id='word_1_322' title='bbox 1201 4349 1383 4416; x_wconf 87' lang='lat' dir='ltr'>Pros.</span> <span class='ocrx_word' id='word_1_323' title='bbox 1429 4347 1496 4415; x_wconf 92' lang='lat' dir='ltr'>ll.</span> <span class='ocrx_word' id='word_1_324' title='bbox 1527 4350 1744 4415; x_wconf 67' lang='lat' dir='ltr'>Pr-aef.</span> <span class='ocrx_word' id='word_1_325' title='bbox 1794 4349 1835 4413; x_wconf 80' lang='lat'><strong>2</strong></span> <span class='ocrx_word' id='word_1_326' title='bbox 1883 4345 1996 4436; x_wconf 87' lang='lat' dir='ltr'>(cf.</span> <span class='ocrx_word' id='word_1_327' title='bbox 2054 4341 2250 4410; x_wconf 86' lang='lat' dir='ltr'>ovid.</span> <span class='ocrx_word' id='word_1_328' title='bbox 2298 4342 2340 4409; x_wconf 91' lang='lat' dir='ltr'>l.</span> <span class='ocrx_word' id='word_1_329' title='bbox 2392 4343 2452 4410; x_wconf 78' lang='lat' dir='ltr'>d.</span> <span class='ocrx_word' id='word_1_330' title='bbox 2505 4344 2587 4410; x_wconf 81' lang='lat'>76</span> <span class='ocrx_word' id='word_1_331' title='bbox 2636 4344 2787 4433; x_wconf 81' lang='lat' dir='ltr'>sq.),</span> 
     </span>
     <span class='ocr_line' id='line_1_38' title="bbox 633 4447 2779 4543; baseline -0.002 -25"><span class='ocrx_word' id='word_1_332' title='bbox 633 4475 824 4543; x_wconf 86' lang='lat' dir='ltr'>quem</span> <span class='ocrx_word' id='word_1_333' title='bbox 869 4453 1157 4520; x_wconf 80' lang='lat' dir='ltr'>imitatus</span> <span class='ocrx_word' id='word_1_334' title='bbox 1205 4464 1305 4520; x_wconf 87' lang='lat' dir='ltr'>est</span> <span class='ocrx_word' id='word_1_335' title='bbox 1349 4454 1538 4520; x_wconf 84' lang='lat' dir='ltr'>Titus</span> <span class='ocrx_word' id='word_1_336' title='bbox 1605 4454 1839 4521; x_wconf 87' lang='lat' dir='ltr'>Stroza</span> <span class='ocrx_word' id='word_1_337' title='bbox 1903 4447 2094 4535; x_wconf 83' lang='lat' dir='ltr'>Eleg.</span> <span class='ocrx_word' id='word_1_338' title='bbox 2166 4449 2251 4516; x_wconf 86' lang='lat' dir='ltr'>ad</span> <span class='ocrx_word' id='word_1_339' title='bbox 2326 4448 2671 4520; x_wconf 78' lang='lat' dir='ltr'>Cambium</span> <span class='ocrx_word' id='word_1_340' title='bbox 2712 4473 2779 4538; x_wconf 84' lang='lat' dir='ltr'>p.</span> 
     </span>
    </p>
   </div>
   <div class='ocr_carea' id='block_1_5' title="bbox 3205 4027 3210 4764">
    <p class='ocr_par' dir='ltr' id='par_1_5' title="bbox 3205 4027 3210 4764">
     <span class='ocr_line' id='line_1_39' title="bbox 3205 4027 3210 4764; baseline 0 0"><span class='ocrx_word' id='word_1_341' title='bbox 3205 4027 3210 4764; x_wconf 95' lang='lat' dir='ltr'> </span> 
     </span>
    </p>
   </div>
  </div>
 </body>
</html>
