3234 4967
1243 404 1527 469 Gonject.
1563 404 1771 456 XVIII.
2348 396 2351 403 ’
2463 404 2565 453 259

430 577 730 640 Cannegiet.
789 576 970 630 Avian.
1026 579 1076 637 4,
1109 580 1142 626 ·7
1197 594 1246 641 p.
1285 578 1367 627 36.
1439 576 1708 627 claudian.
1762 574 1931 639 Epith.
1988 575 2121 629 Pall.
2166 577 2235 627 94
2287 590 2567 625 cessare.

431 662 625 723 „OiseL
665 677 885 712 cassare
921 677 1012 726 pro
1051 662 1354 726 quassare“
1392 662 1562 713 Burni.
1601 678 1649 725 p.
1687 662 1787 711 934
1824 669 1877 710 et
1914 659 2124 719 Quintil.
2163 661 2257 710 XI.
2280 662 2309 710 3
2345 678 2393 725 p.
2418 662 2565 711 1001.

430 748 674 800 Prudent.
737 744 849 815 περὶ
887 762 1024 815 στεφ.
1085 747 1180 801 ΧΙ,
1222 748 1314 797 72:
1385 747 1471 795 ubi
1531 747 1712 811 cymba
1762 768 1825 781 —·-
1874 746 2076 795 tumidis
2136 761 2323 795 caesa
2381 746 2567 795 labarit

429 831 628 895 aquis“‚
679 832 768 881 ubi
806 847 1107 895 quassam
1145 832 1314 894 potius
1351 831 1581 895 cymbam
1620 830 1729 878 dici·
1756 845 1951 879 memor
1988 845 2162 880 eorum
2199 828 2464 890 locorum.
2512 831 2567 879 in

431 917 612 978 quibus
648 916 751 979 legi
818 912 1407 987 „imbribus-caedi,
1467 928 1678 964 murus
1732 915 1888 963 ariete
1942 914 2270 974 caeditur,
2329 913 2565 964 Oceanus

430 1002 646 1052 classem
699 1000 1042 1063 naufragio
1097 1001 1390 1049 cecidit“
1425 1000 1685 1065 *Heinsius
1722 1001 1858 1049 Adv.
1896 999 1995 1050 111.
2035 1001 2097 1050 15
2132 1000 2316 1064 Ρ.’521
2356 1014 2430 1063 sq.
2478 1000 2566 1047 do-

430 1086 551 1145 cuit,
587 1100 682 1149 ego
719 1100 822 1133 non
860 1086 1018 1149 magis
1043 1084 1384 1145 crediderim,
1421 1100 1571 1149 quam
1611 1100 1641 1131 a
1678 1084 1845 1133 Statio
1880 1084 2000 1133 XII.
2040 1085 2163 1135 654:
2212 1092 2334 1132 tunc
2371 1083 2568 1147 proelia

432 1161 540 1217 cae
557 1170 643 1218 sis
689 1168 956 1219 Nubibus“
1015 1171 1172 1219 nubes
1211 1184 1504 1233 quassas,
1564 1170 1614 1217 id
1680 1170 1814 1231 quod
1876 1169 1967 1217 sibi
2026 1168 2277 1234 persuasit
2336 1168 2567 1217 Kocbius

432 1253 660 1317 Conject.
699 1270 746 1319 p.
790 1254 943 1303 13.ιο
969 1254 1011 1318 ⁸)
1087 1254 1186 1305 Sed
1225 1256 1450 1303 nondum
1489 1252 1806 1303 satisfactum
1843 1251 1935 1317 [est
1968 1254 2202 1303 instituto
2242 1260 2411 1301 nostro
2448 1265 2567 1301 con-

576 1407 628 1438 ¹⁰
657 1404 702 1471 ⁵)
737 1406 904 1455 Etiam
961 1407 1194 1469 adjiciam
1233 1408 1617 1456 Ammianum
1656 1406 2101 1475 Marcellinum
2158 1405 2330 1456 XXII.
2388 1406 2469 1466 13,
2507 1406 2565 1454 4:

439 1490 716 1538 „aquarum
753 1476 964 1523 incessit
998 1476 1170 1539 inopia
1206 1476 1501 1533 metuenda,
1557 1484 1612 1523 ut
1650 1485 1702 1523 et
1738 1475 1827 1522 rivi
1865 1482 2245 1523 arescerent
2284 1474 2485 1535 quidam
2520 1482 2571 1521 et

432 1544 598 1593 fontes
637 1543 851 1591 antehac
889 1558 1132 1605 aquarum
1173 1544 1390 1608 copiosis
1427 1544 1659 1607 pulsibus
1696 1544 2031 1591 abundantes:
2093 1544 2181 1595 sed
2226 1542 2277 1592 in
2316 1542 2567 1605 integrum

433 1619 618 1674 postea
655 1612 867 1659 restituti
906 1612 1071 1671 sunt“,
1111 1611 1194 1659 ubi
1216 1610 1460 1661 Gelenius
1483 1620 1532 1659 et
1549 1611 1829 1659 Accursius
1866 1617 2199 1659 cessarent
2234 1610 2567 1675 scripserunt,

433 1678 701 1742 Hauptius‚
759 1692 915 1739 quum
968 1680 1021 1726 in
1057 1678 1310 1729 Vaticano
1363 1680 1494 1727 libro
1531 1679 1827 1727 invenisset:
1881 1687 1940 1726 ut
1994 1688 2044 1725 et
2095 1678 2176 1725 iri
2213 1677 2465 1727 vicasse
2505 1704 2567 1713 -

353 1742 374 1797 .’
435 1751 698 1795 soereut
756 1746 1007 1808 quidam“‚
1065 1748 1120 1795 in
1173 1747 1408 1797 Prooem.
1464 1747 1576 1797 Ind.
1632 1746 1794 1797 Lectt.
1842 1744 2187 1797 Ber01.A‹-st.
2230 1746 2358 1795 1868
2414 1760 2465 1807 p.
2505 1747 2565 1793 11

437 1821 913 1863 cassescerent.
987 1813 1140 1873 Quod
1177 1816 1379 1879 quidem
1417 1829 1725 1878 magnopere
1783 1829 1965 1862 vereor
2020 1814 2103 1875 (cf.
2142 1814 2303 1876 Epist.
2343 1811 2466 1862 crit.
2505 1815 2568 1861 de

436 1882 708 1932 Ammiano
746 1884 774 1931 8
814 1899 861 1945 p.
904 1880 987 1945 12)
1028 1891 1081 1930 ut
1116 1885 1239 1931 satis
1277 1894 1410 1931 recte
1447 1886 1643 1932 dicatur
1680 1882 1825 1943 (nam
1864 1897 1959 1930 nec
1998 1880 2189 1929 Statius
2228 1880 2479 1941 Silv.1.·5,
2504 1883 2566 1930 21

435 1950 645 1999 flumina
681 1964 863 1997 cassa
901 1952 1193 1999 memoravit
1227 1968 1322 2015 pro
1360 1952 1563 2001 aridis
1620 1966 1712 1999 nec
1766 1950 1893 1999 alius
1950 1951 2239 2014 quisquam,
2300 1950 2569 1999 Ennodius

433 2027 599 2067 autem
639 2016 808 2067 Carm.
848 2017 912 2065 ΙΙ.
947 2021 1048 2069 112
1087 2036 1134 2083 p.
1173 2021 1289 2070 355.
1328 2018 1371 2067 O
1419 2016 1727 2068 marcenti
1782 2017 2045 2067 flumine
2099 2014 2293 2082 posuit)
2348 2026 2568 2081 apteque

435 2093 684 2147 congruat
717 2086 999 2134 sententiae
1037 2086 1388 2149 proximorum
1423 2089 1718 2136 verborum:
1772 2087 1833 2134 in
1886 2088 2199 2148 integrum
2254 2094 2432 2149 postca
2466 2100 2569 2133 re-

434 2155 660 2203 stituti
716 2154 909 2203 sunt.“
983 2154 1154 2213 Quare
1213 2157 1454 2219 suspicari
1507 2157 1781 2205 succurrit:
1839 2155 2135 2219 permutatis
2193 2154 2374 2203 litteris
2410 2154 2430 2201 l
2466 2164 2517 2202 et
2546 2168 2571 2203 s

437 2221 620 2284 (Drak.
658 2220 771 2270 Liv.
809 2220 871 2268 11.
909 2223 988 2281 23,
1027 2224 1056 2271 3
1094 2240 1142 2285 p.
1184 2226 1302 2286 190)
1360 2234 1512 2287 atque
1569 2240 1637 2271 ca
1689 2232 1739 2272 et
1775 2239 1895 2287 qua
1946 2220 2237 2285 (Claudian.
2275 2222 2373 2270 IV.
2413 2220 2567 2271 Cous.

434 2290 569 2342 Heu,
623 2288 723 2338 436
783 2290 976 2352 Libyae
1031 2292 1406 2353 squalentis.
1498 2292 1637 2340 Med.
1694 2300 1853 2355 quart.
1915 2290 2203 2354 Libyesque
2264 2290 2567 2343 calentis,

433 2358 648 2420 Eutrop.
685 2357 750 2405 11.
791 2358 889 2407 566
928 2356 1052 2407 Var.
1090 2359 1265 2409 Lectt.
1303 2362 1553 2423 Antverp.
1590 2358 1860 2423 scalebit)
1900 2365 2343 2407 cassescerent
2376 2357 2569 2406 factum

436 2438 581 2483 esse,
619 2425 754 2487 quod
791 2424 965 2473 fuerat
1001 2428 1489 2489 quallescerent
1526 2429 1607 2476 vel
1646 2430 2107 2491 qualesccrent
2142 2427 2221 2487 (ut
2254 2428 2392 2491 apud
2429 2426 2569 2473 Mar-

433 2494 606 2541 tialem
641 2492 734 2541 IX.
773 2493 857 2553 47,
894 2495 922 2543 2
975 2494 1030 2541 in
1086 2496 1344 2545 Puteaneo
1381 2507 1436 2545 et
1471 2495 1725 2549 WoHeub,
1766 2504 1842 2545 est
1878 2495 2121 2557 qualet,
2176 2494 2313 2557 apud
2351 2494 2569 2543 Statium

435 2562 600 2611 Theb.
636 2560 731 2609 IV.
771 2563 834 2611 97
888 2563 941 2609 in
994 2562 1311 2627 Frisingensi
1364 2565 1735 2613 sualcntibus
1790 2571 1839 2612 et
1874 2562 2017 2612 Ovid.
2057 2562 2196 2610 Fast.
2236 2560 2299 2610 V.
2357 2562 2456 2611 397
2510 2563 2564 2610 in

435 2628 762 2692 Gottingensi
801 2630 1174 2693 sualentia).
1224 2632 1452 2681 Verbum
1509 2632 1993 2697 squallescendi
2049 2639 2219 2679 autem
2274 2644 2369 2678 nec
2420 2630 2572 2679 finxit

435 2698 734 2746 Ammianus
769 2698 1047 2747 insolenter
1082 2698 1387 2761 (invenimus
1426 2701 1556 2749 enim
1595 2702 1731 2765 apud
1750 2700 1972 2763 Caprum
2012 2697 2329 2761 deOrthogr.
2366 2712 2414 2761 p.
2436 2700 2571 2747 2240

437 2775 488 2813 et
520 2766 576 2813 in
607 2764 726 2814 Not.
763 2762 937 2817 Τίτθῃ.
976 2782 1023 2829 p.
1061 2768 1154 2818 662
1193 2770 1604 2831 squalescit“,
1642 2769 1694 2817 id
1732 2770 1868 2832 quod
1895 2766 2155 2831 praeteriit
2175 2766 2411 2814 Barthius
2434 2766 2567 2815 Adv.

435 2832 660 2883 XXXV.
699 2834 729 2882 9
767 2849 816 2898 p.
859 2832 1011 2899 1648)
1051 2843 1100 2883 et
1135 2838 1534 2885 commodissime
1572 2838 1623 2885 in
1660 2837 1756 2885 hac
1783 2835 2033 2885 sententia
2056 2835 2177 2897 poni
2202 2836 2351 2883 docet
2376 2832 2570 2883 Statius

435 2902 596 2951 Theb.
635 2900 730 2949 IV.
771 2904 894 2951 700:
931 2902 1194 2965 Diffugere
1231 2907 1414 2965 undae,
1453 2905 1750 2968 squalent
1785 2903 2051 2965 fontesque
2090 2902 2388 2965 lacusque.“
2448 2902 2567 2951 Ver.

439 2966 612 3019 Schol.
651 2986 699 3033 p.
740 2971 896 3019 1210:
935 2971 1258 3034 squalent)
1299 2981 1710 3033 exarescant,
1758 2972 2024 3021 solvuntur
2061 2971 2114 3018 in
2149 2966 2449 3033 pulverem“
2504 2969 2567 3020 cf.

431 3038 592 3086 Drak.
631 3037 719 3085 Sil.
758 3038 876 3087 ΧΠ.
917 3038 1016 3088 373
1064 3056 1111 3103 p.
1151 3042 1249 3089 609
1287 3056 1361 3103 sq.
1434 3040 1575 3089 Cort.
1613 3040 1807 3089 Lucan.
1846 3039 1886 3087 1.
1926 3040 2023 3089 368
2086 3054 2132 3100 p.
2176 3038 2287 3087 103.
2360 3038 2566 3087 Ennod.

435 3106 597 3169 Epist.
635 3104 731 3155 lv,
773 3108 800 3155 7
838 3122 887 3169 p.
926 3108 1006 3156 73.
1043 3109 1124 3156 A:
1181 3111 1409 3156 marcida
1445 3108 1702 3173 profundo
1740 3108 2077 3171 squallore
2115 3116 2297 3169 terga
2341 3102 2436 3167 (cf.
2472 3106 2567 3156 IX.

438 3176 468 3221 6
505 3188 555 3235 p.
597 3176 688 3222 151
731 3172 799 3235 O)
853 3189 945 3235 per
999 3176 1292 3225 ebrietatem
1347 3180 1516 3227 undae
1553 3177 1784 3226 salutaris
1820 3176 2093 3225 infundit.“
2164 3174 2236 3223 Ut
2272 3176 2407 3237 apud
2444 3174 2569 3222 Am-

433 3242 655 3288 mianum
691 3241 756 3287 ab
791 3242 868 3301 iis,
906 3244 992 3305 qui
1027 3244 1142 3293 stilo
1181 3240 1550 3308 consignarunt
1585 3256 1989 3303 arescerent,
2033 3243 2169 3291 idem
2206 3250 2470 3306 peccatum
2506 3243 2572 3291 sit

433 3315 588 3371 atque
627 3309 762 3371 apud
799 3307 1137 3360 Claudianum
1173 3314 1206 3362 l.
1247 3314 1325 3362 d.:
1375 3312 1572 3377 Libyae
1628 3313 1993 3375 squalentis
2046 3311 2098 3360 in
2152 3310 2365 3360 Helmst.
2404 3306 2568 3359 Wolf.

430 3376 618 3439 Libyes
655 3377 915 3427 arentis.
988 3378 1179 3427 Verum
1221 3382 1477 3430 enimvero
1515 3396 1669 3443 quum
1707 3382 2007 3429 sententiam
2044 3381 2097 3428 in
2131 3380 2381 3441 integrum
2424 3379 2570 3427 resti-

432 3454 590 3493 tutam
629 3455 743 3492 esse-
778 3445 898 3493 mihi
934 3448 1296 3509 persuaserim,
1352 3450 1520 3513 ipsum
1575 3452 1779 3499 verbum
1832 3450 2003 3498 nescio
2058 3462 2125 3496 an
2160 3446 2569 3511 posthabendum

432 3514 496 3561 sit
532 3515 610 3574 ei,
665 3514 803 3575 quod
857 3520 908 3561 et
961 3530 992 3561 a
1044 3515 1269 3563 codicum
1319 3516 1542 3581 vestigiis
1595 3518 1803 3581 propius
1838 3518 1973 3565 absit
2019 3514 2193 3581 (voces
2246 3520 2465 3565 c'assus
2520 3521 2571 3562 et

431 3594 688 3631 crassus
741 3580 873 3629 enim
928 3583 1199 3645 permixtas
1255 3600 1365 3633 esse
1421 3589 1641 3635 testatur
1684 3586 2005 3633 Burmannus
2043 3584 2310 3635 Claudian.
2346 3582 2489 3633 Eutr.
2528 3582 2570 3630 I.

432 3651 495 3699 38
525 3654 582 3713 'p.
621 3650 717 3697 271
757 3648 874 3697 add.
914 3649 1142 3712 Conject.
1181 3650 1276 3702 IV.
1315 3668 1363 3715 p.
1406 3655 1527 3714 172)
1585 3662 1635 3701 et
1688 3653 1909 3716 ejusdem
1949 3651 2097 3701 Statii
2150 3646 2450 3700 auctoritate
2496 3652 2569 3698 vi-

430 3720 612 3766 deatur
648 3718 1004 3767 commend-ari.
1084 3720 1240 3767 Recte
1297 3722 1431 3768 enim
1487 3722 1584 3768 dici
1640 3735 2046 3769 crassescere
2098 3720 2257 3767 rivos·
2280 3718 2568 3781 fontesque,-

351 3831 360 3842 ,
431 3786 516 3849 qui
555 3793 706 3833 antea
743 3800 985 3847 aquarum
1023 3788 1244 3851 copiosis
1281 3789 1510 3851 pulsibus
1549 3790 1865 3837 abundantes
1896 3788 2001 3851 jam
2038 3790 2097 3836 in
2146 3787 2402 3851 paludis
2438 3802 2569 3835 mo-

433 3855 810 3902 dum-lutosi
846 3853 970 3901 fiant
1005 3854 1175 3915 (Serv,
1215 3856 1359 3918 Virg.
1399 3856 1590 3919 Georg.
1629 3857 1699 3907 11.
1742 3860 1839 3907 110
1873 3874 1921 3921 p.
1963 3854 2111 3921 238),
2166 3855 2468 3917 intelligitur
2504 3870 2570 3903 ex

432 3922 592 3971 Theb.
630 3920 727 3970 lV.
755 3922 878 3972 820:
910 3922 1018 3985 jam
1053 3938 1307 3973 crassus
1345 3940 1612 3989 coenoque
1650 3936 1701 3975 ct
1736 3926 1949 3990 pulvere
1986 3924 2268 3974 torrens“
2307 3932 2356 3971 et
2374 3922 2566 3975 Achiu.

430 3992 472 4040 I.
511 3992 598 4039 87:
656 3998 870 4037 crassa
911 3991 1047 4039 exire
1087 3992 1280 4041 vetabit
1315 3990 1649 4042 Flumina“
1703 3995 1866 4057 iisque
1903 3994 2057 4052 locis,
2119 4006 2246 4055 quos
2295 3993 2571 4040 attulerunt

431 4058 598 4109 Titius
637 4068 687 4107 et
721 4056 1044 4107 Burmannus
1079 4057 1222 4108 Grat-
1261 4061 1388 4125 Cyn.
1431 4064 1494 4113 53
1533 4078 1581 4125 p.
1622 4064 1686 4111 53
1738 4064 1975 4125 idemque
2014 4062 2336 4109 Burmannus
2374 4060 2568 4109 Lucan.

435 4128 526 4177 VI.
565 4128 663 4176 362
700 4140 748 4189 p.
786 4126 888 4174 416
943 4140 992 4173 et
1027 4127 1339 4178 Arntzenius
1379 4131 1555 4182 Nazur.
1615 4132 1740 4179 Pan.
1802 4128 2123 4179 Constantia.
2180 4129 2261 4188 32,
2300 4130 2331 4177 9
2382 4144 2431 4191 p.
2469 4128 2568 4177 623

431 4198 497 4245 cf.
535 4194 808 4244 Columell·
845 4193 964 4241 XII·
1007 4198 1086 4253 12,
1123 4199 1177 4246 l:
1216 4200 1414 4260 quoties
1453 4214 1586 4261 aqua
1622 4208 1741 4262 post
1774 4199 1983 4261 longum
2021 4206 2221 4259 tempus
2260 4196 2569 4255 diffunditur,

434 4265 644 4327 aliquod
681 4274 1076 4313 crassamentum
1130 4265 1180 4313 in
1235 4267 1336 4314 imo
1391 4268 1549 4315 simil-c
1597 4267 1726 4315 faeci
1766 4266 2066 4329 reperitur.“
2137 4264 2294 4313 Psell.
2334 4264 2568 4314 Doctrin.

429 4332 618 4382 O'mnif.
675 4348 714 4382 c.
777 4332 873 4379 130
931 4343 1011 4395 ap.
1075 4330 1232 4385 Boiss,
1291 4335 1447 4383 Pseu.
1485 4334 1673 4398 Opusc.
1737 4352 1784 4399 p.
1824 4335 1947 4385 328:
2018 4329 2297 4406 παχύτερόν
2358 4329 2457 4382 ἐστι
2510 4328 2569 4381 τὸ

431 4396 698 4451 θαλάττιον
733 4394 871 4471 ὕδωρ
908 4404 1012 4450 τῶν
1048 4400 1310 4469 ποταμίων
1349 4398 1559 4455 ὑδάτων.
1637 4402 1745 4452 Nec
1798 4404 1963 4451 minus
2016 4404 2239 4452 insolens
2284 4399 2415 4450 illud
2455 4416 2567 4452 ver-
