<?xml version="1.0" encoding="UTF-8"?>
<!DOCTYPE html PUBLIC "-//W3C//DTD XHTML 1.0 Transitional//EN"
    "http://www.w3.org/TR/xhtml1/DTD/xhtml1-transitional.dtd">
<html xmlns="http://www.w3.org/1999/xhtml" xml:lang="en" lang="en">
 <head>
  <title>
</title>
<meta http-equiv="Content-Type" content="text/html;charset=utf-8" />
  <meta name='ocr-system' content='tesseract 3.04.00' />
  <meta name='ocr-capabilities' content='ocr_page ocr_carea ocr_par ocr_line ocrx_word'/>
</head>
<body>
  <div class='ocr_page' id='page_1' title='image "./ppapiniistatiie00ungegoog_0049.png"; bbox 0 0 3234 4967; ppageno 0'>
   <div class='ocr_carea' id='block_1_1' title="bbox 1369 317 2609 382">
    <p class='ocr_par' dir='ltr' id='par_1_1' title="bbox 1369 317 2609 382">
     <span class='ocr_line' id='line_1_1' title="bbox 1369 317 2609 382; baseline 0.004 -5"><span class='ocrx_word' id='word_1_1' title='bbox 1369 323 1599 377; x_wconf 73' lang='lat' dir='ltr'><strong>Adnot.</strong></span> <span class='ocrx_word' id='word_1_2' title='bbox 1636 326 1730 376; x_wconf 80' lang='lat'><strong>²5.</strong></span> <span class='ocrx_word' id='word_1_3' title='bbox 2534 317 2609 382; x_wconf 73' lang='lat'><strong>41</strong></span> 
     </span>
    </p>
   </div>
   <div class='ocr_carea' id='block_1_2' title="bbox 438 525 2631 2085">
    <p class='ocr_par' dir='ltr' id='par_1_2' title="bbox 438 525 2631 2085">
     <span class='ocr_line' id='line_1_2' title="bbox 487 525 2625 620; baseline -0.003 -22"><span class='ocrx_word' id='word_1_4' title='bbox 487 533 872 620; x_wconf 79' lang='lat' dir='ltr'><strong>gravissima</strong></span> <span class='ocrx_word' id='word_1_5' title='bbox 953 539 1189 618; x_wconf 68' lang='lat' dir='ltr'><strong>poetae</strong></span> <span class='ocrx_word' id='word_1_6' title='bbox 1272 529 1462 596; x_wconf 79' lang='lat' dir='ltr'><strong>solita</strong></span> <span class='ocrx_word' id='word_1_7' title='bbox 1531 531 1713 595; x_wconf 81' lang='lat' dir='ltr'><strong>fandi</strong></span> <span class='ocrx_word' id='word_1_8' title='bbox 1784 529 1974 616; x_wconf 85' lang='lat' dir='ltr'><strong>copia</strong></span> <span class='ocrx_word' id='word_1_9' title='bbox 2048 527 2341 594; x_wconf 79' lang='lat' dir='ltr'><strong>destituti</strong></span> <span class='ocrx_word' id='word_1_10' title='bbox 2418 525 2625 618; x_wconf 87' lang='lat' dir='ltr'><strong>objur-</strong></span> 
     </span>
     <span class='ocr_line' id='line_1_3' title="bbox 479 631 2625 725; baseline -0.004 -21"><span class='ocrx_word' id='word_1_11' title='bbox 479 639 792 724; x_wconf 78' lang='lat' dir='ltr'><strong>gatione?</strong></span> <span class='ocrx_word' id='word_1_12' title='bbox 882 636 1078 703; x_wconf 84' lang='lat' dir='ltr'><strong>Unde</strong></span> <span class='ocrx_word' id='word_1_13' title='bbox 1151 636 1436 704; x_wconf 85' lang='lat' dir='ltr'><strong>dubitari</strong></span> <span class='ocrx_word' id='word_1_14' title='bbox 1504 638 1747 725; x_wconf 81' lang='lat' dir='ltr'><strong>nequit,</strong></span> <span class='ocrx_word' id='word_1_15' title='bbox 1812 637 1963 724; x_wconf 87' lang='lat' dir='ltr'><strong>quin</strong></span> <span class='ocrx_word' id='word_1_16' title='bbox 2026 635 2133 722; x_wconf 89' lang='lat' dir='ltr'><strong>qui</strong></span> <span class='ocrx_word' id='word_1_17' title='bbox 2196 635 2377 722; x_wconf 80' lang='lat' dir='ltr'><strong>quasi</strong></span> <span class='ocrx_word' id='word_1_18' title='bbox 2438 631 2625 698; x_wconf 80' lang='lat' dir='ltr'><strong>ferali</strong></span> 
     </span>
     <span class='ocr_line' id='line_1_4' title="bbox 481 737 2621 832; baseline -0.002 -24"><span class='ocrx_word' id='word_1_19' title='bbox 481 744 697 832; x_wconf 82' lang='lat' dir='ltr'><strong>specie</strong></span> <span class='ocrx_word' id='word_1_20' title='bbox 770 743 1034 809; x_wconf 85' lang='lat' dir='ltr'><strong>indutus</strong></span> <span class='ocrx_word' id='word_1_21' title='bbox 1105 742 1229 807; x_wconf 88' lang='lat' dir='ltr'><strong>diis</strong></span> <span class='ocrx_word' id='word_1_22' title='bbox 1301 741 1614 808; x_wconf 83' lang='lat' dir='ltr'><strong>invidiam</strong></span> <span class='ocrx_word' id='word_1_23' title='bbox 1676 742 1961 807; x_wconf 83' lang='lat' dir='ltr'><strong>facturus</strong></span> <span class='ocrx_word' id='word_1_24' title='bbox 2020 742 2105 804; x_wconf 88' lang='lat' dir='ltr'><strong>sit</strong></span> <span class='ocrx_word' id='word_1_25' title='bbox 2165 739 2259 827; x_wconf 81' lang='lat' dir='ltr'><strong>(v.</strong></span> <span class='ocrx_word' id='word_1_26' title='bbox 2308 737 2621 826; x_wconf 80' lang='lat'><strong>29--37)‚</strong></span> 
     </span>
     <span class='ocr_line' id='line_1_5' title="bbox 475 844 2626 928; baseline -0.004 -12"><span class='ocrx_word' id='word_1_27' title='bbox 475 851 865 917; x_wconf 81' lang='lat' dir='ltr'><strong>confiteatur</strong></span> <span class='ocrx_word' id='word_1_28' title='bbox 912 871 982 915; x_wconf 90' lang='lat' dir='ltr'><strong>se</strong></span> <span class='ocrx_word' id='word_1_29' title='bbox 1027 871 1406 914; x_wconf 85' lang='lat' dir='ltr'><strong>numeros</strong></span> <span class='ocrx_word' id='word_1_30' title='bbox 1449 849 1520 914; x_wconf 89' lang='lat' dir='ltr'><strong>in</strong></span> <span class='ocrx_word' id='word_1_31' title='bbox 1566 849 1915 914; x_wconf 87' lang='lat' dir='ltr'><strong>crimina</strong></span> <span class='ocrx_word' id='word_1_32' title='bbox 1958 855 2325 928; x_wconf 76' lang='lat' dir='ltr'><strong>vertere,</strong></span> <span class='ocrx_word' id='word_1_33' title='bbox 2386 844 2486 910; x_wconf 86' lang='lat' dir='ltr'><strong>uti</strong></span> <span class='ocrx_word' id='word_1_34' title='bbox 2526 854 2626 909; x_wconf 78' lang='lat' dir='ltr'><strong>est</strong></span> 
     </span>
     <span class='ocr_line' id='line_1_6' title="bbox 480 949 2626 1044; baseline -0.004 -21"><span class='ocrx_word' id='word_1_35' title='bbox 480 956 656 1044; x_wconf 88' lang='lat' dir='ltr'><strong>apud</strong></span> <span class='ocrx_word' id='word_1_36' title='bbox 703 957 1018 1023; x_wconf 82' lang='lat' dir='ltr'><strong>Senecam</strong></span> <span class='ocrx_word' id='word_1_37' title='bbox 1079 955 1280 1044; x_wconf 83' lang='lat' dir='ltr'><strong>Hipp.</strong></span> <span class='ocrx_word' id='word_1_38' title='bbox 1329 953 1490 1021; x_wconf 83' lang='lat'>545:</span> <span class='ocrx_word' id='word_1_39' title='bbox 1553 977 1771 1037; x_wconf 78' lang='lat' dir='ltr'><strong>„saxa</strong></span> <span class='ocrx_word' id='word_1_40' title='bbox 1817 963 1884 1018; x_wconf 83' lang='lat' dir='ltr'><strong>et</strong></span> <span class='ocrx_word' id='word_1_41' title='bbox 1929 975 2145 1018; x_wconf 84' lang='lat' dir='ltr'><strong>ramos</strong></span> <span class='ocrx_word' id='word_1_42' title='bbox 2188 952 2387 1018; x_wconf 84' lang='lat' dir='ltr'><strong>rudes</strong></span> <span class='ocrx_word' id='word_1_43' title='bbox 2432 949 2626 1016; x_wconf 88' lang='lat' dir='ltr'><strong>Ver-</strong></span> 
     </span>
     <span class='ocr_line' id='line_1_7' title="bbox 475 1057 2623 1142; baseline -0.004 -13"><span class='ocrx_word' id='word_1_44' title='bbox 475 1073 656 1129; x_wconf 85' lang='lat' dir='ltr'><strong>tere</strong></span> <span class='ocrx_word' id='word_1_45' title='bbox 725 1063 808 1128; x_wconf 89' lang='lat' dir='ltr'><strong>in</strong></span> <span class='ocrx_word' id='word_1_46' title='bbox 877 1066 1148 1128; x_wconf 83' lang='lat' dir='ltr'><strong>arma“</strong></span> <span class='ocrx_word' id='word_1_47' title='bbox 1217 1061 1299 1126; x_wconf 84' lang='lat' dir='ltr'><strong>cf.</strong></span> <span class='ocrx_word' id='word_1_48' title='bbox 1361 1060 1556 1126; x_wconf 87' lang='lat' dir='ltr'><strong>Ovid.</strong></span> <span class='ocrx_word' id='word_1_49' title='bbox 1616 1061 1777 1126; x_wconf 85' lang='lat' dir='ltr'><strong>Her.</strong></span> <span class='ocrx_word' id='word_1_50' title='bbox 1827 1058 1979 1124; x_wconf 91' lang='lat' dir='ltr'><strong>Vlll.</strong></span> <span class='ocrx_word' id='word_1_51' title='bbox 2040 1058 2155 1124; x_wconf 76' lang='lat'><strong>55:</strong></span> <span class='ocrx_word' id='word_1_52' title='bbox 2214 1057 2497 1142; x_wconf 84' lang='lat' dir='ltr'><strong>„laudes</strong></span> <span class='ocrx_word' id='word_1_53' title='bbox 2548 1057 2623 1122; x_wconf 88' lang='lat' dir='ltr'><strong>in</strong></span> 
     </span>
     <span class='ocr_line' id='line_1_8' title="bbox 477 1163 2628 1256; baseline -0.003 -22"><span class='ocrx_word' id='word_1_54' title='bbox 477 1169 812 1236; x_wconf 86' lang='lat' dir='ltr'><strong>crimina</strong></span> <span class='ocrx_word' id='word_1_55' title='bbox 874 1173 1196 1250; x_wconf 81' lang='lat' dir='ltr'><strong>vert0,“</strong></span> <span class='ocrx_word' id='word_1_56' title='bbox 1271 1191 1548 1256; x_wconf 87' lang='lat' dir='ltr'><strong>quocum</strong></span> <span class='ocrx_word' id='word_1_57' title='bbox 1605 1177 1673 1232; x_wconf 88' lang='lat' dir='ltr'><strong>et</strong></span> <span class='ocrx_word' id='word_1_58' title='bbox 1726 1165 1945 1232; x_wconf 86' lang='lat' dir='ltr'><strong>verbis</strong></span> <span class='ocrx_word' id='word_1_59' title='bbox 2006 1176 2073 1230; x_wconf 79' lang='lat' dir='ltr'><strong>et</strong></span> <span class='ocrx_word' id='word_1_60' title='bbox 2132 1164 2457 1230; x_wconf 81' lang='lat' dir='ltr'><strong>sententia</strong></span> <span class='ocrx_word' id='word_1_61' title='bbox 2511 1163 2628 1228; x_wconf 83' lang='lat' dir='ltr'><strong>dif-</strong></span> 
     </span>
     <span class='ocr_line' id='line_1_9' title="bbox 477 1272 2630 1357; baseline -0.005 -15"><span class='ocrx_word' id='word_1_62' title='bbox 477 1279 604 1342; x_wconf 85' lang='lat' dir='ltr'><strong>fert</strong></span> <span class='ocrx_word' id='word_1_63' title='bbox 648 1275 828 1342; x_wconf 84' lang='lat' dir='ltr'><strong>locus</strong></span> <span class='ocrx_word' id='word_1_64' title='bbox 857 1277 1046 1342; x_wconf 85' lang='lat' dir='ltr'><strong>Pont.</strong></span> <span class='ocrx_word' id='word_1_65' title='bbox 1091 1273 1180 1340; x_wconf 93' lang='lat' dir='ltr'><strong>lll.</strong></span> <span class='ocrx_word' id='word_1_66' title='bbox 1230 1275 1292 1357; x_wconf 84' lang='lat'><strong>4,</strong></span> <span class='ocrx_word' id='word_1_67' title='bbox 1338 1275 1454 1340; x_wconf 80' lang='lat'><strong>46:</strong></span> <span class='ocrx_word' id='word_1_68' title='bbox 1503 1273 1624 1340; x_wconf 89' lang='lat' dir='ltr'><strong>Ad</strong></span> <span class='ocrx_word' id='word_1_69' title='bbox 1669 1272 1912 1338; x_wconf 84' lang='lat' dir='ltr'><strong>laetum</strong></span> <span class='ocrx_word' id='word_1_70' title='bbox 1956 1294 2278 1338; x_wconf 87' lang='lat' dir='ltr'><strong>carmen</strong></span> <span class='ocrx_word' id='word_1_71' title='bbox 2322 1272 2437 1336; x_wconf 83' lang='lat' dir='ltr'><strong>vix</strong></span> <span class='ocrx_word' id='word_1_72' title='bbox 2481 1290 2630 1334; x_wconf 82' lang='lat' dir='ltr'><strong>mea</strong></span> 
     </span>
     <span class='ocr_line' id='line_1_10' title="bbox 438 1377 2631 1469; baseline -0.003 -23"><span class='ocrx_word' id='word_1_73' title='bbox 438 1459 442 1463; x_wconf 90' lang='lat'><strong>.</strong></span> <span class='ocrx_word' id='word_1_74' title='bbox 477 1405 726 1448; x_wconf 83' lang='lat' dir='ltr'><strong>versa</strong></span> <span class='ocrx_word' id='word_1_75' title='bbox 769 1382 950 1469; x_wconf 83' lang='lat' dir='ltr'><strong>lyra</strong></span> <span class='ocrx_word' id='word_1_76' title='bbox 997 1386 1162 1446; x_wconf 86' lang='lat' dir='ltr'><strong>est.“</strong></span> <span class='ocrx_word' id='word_1_77' title='bbox 1222 1381 1711 1446; x_wconf 82' lang='lat' dir='ltr'><strong>Permutatione</strong></span> <span class='ocrx_word' id='word_1_78' title='bbox 1757 1388 1973 1444; x_wconf 88' lang='lat' dir='ltr'><strong>autem</strong></span> <span class='ocrx_word' id='word_1_79' title='bbox 2004 1400 2239 1444; x_wconf 87' lang='lat' dir='ltr'><strong>vocum</strong></span> <span class='ocrx_word' id='word_1_80' title='bbox 2270 1377 2631 1442; x_wconf 86' lang='lat' dir='ltr'><strong>carmina</strong></span> 
     </span>
     <span class='ocr_line' id='line_1_11' title="bbox 487 1479 2627 1574; baseline -0.003 -22"><span class='ocrx_word' id='word_1_81' title='bbox 487 1499 554 1553; x_wconf 85' lang='lat' dir='ltr'><strong>et</strong></span> <span class='ocrx_word' id='word_1_82' title='bbox 613 1488 971 1554; x_wconf 84' lang='lat' dir='ltr'><strong>crimina</strong></span> <span class='ocrx_word' id='word_1_83' title='bbox 1029 1487 1187 1552; x_wconf 83' lang='lat' dir='ltr'>nihil</span> <span class='ocrx_word' id='word_1_84' title='bbox 1245 1486 1444 1551; x_wconf 83' lang='lat' dir='ltr'><strong>fuisse</strong></span> <span class='ocrx_word' id='word_1_85' title='bbox 1500 1485 1906 1574; x_wconf 87' lang='lat' dir='ltr'><strong>frequentius</strong></span> <span class='ocrx_word' id='word_1_86' title='bbox 1950 1494 2016 1548; x_wconf 89' lang='lat' dir='ltr'><strong>et</strong></span> <span class='ocrx_word' id='word_1_87' title='bbox 2048 1482 2159 1548; x_wconf 78' lang='lat' dir='ltr'><strong>alii</strong></span> <span class='ocrx_word' id='word_1_88' title='bbox 2202 1481 2330 1546; x_wconf 87' lang='lat' dir='ltr'><strong>loci</strong></span> <span class='ocrx_word' id='word_1_89' title='bbox 2372 1479 2627 1560; x_wconf 85' lang='lat' dir='ltr'><strong>docent,</strong></span> 
     </span>
     <span class='ocr_line' id='line_1_12' title="bbox 482 1586 2628 1681; baseline -0.003 -23"><span class='ocrx_word' id='word_1_90' title='bbox 482 1604 564 1658; x_wconf 79' lang='lat' dir='ltr'><strong>ut</strong></span> <span class='ocrx_word' id='word_1_91' title='bbox 606 1593 924 1660; x_wconf 74' lang='lat' dir='ltr'><strong>Marciani</strong></span> <span class='ocrx_word' id='word_1_92' title='bbox 985 1593 1149 1681; x_wconf 83' lang='lat' dir='ltr'><strong>Cap.</strong></span> <span class='ocrx_word' id='word_1_93' title='bbox 1196 1591 1321 1659; x_wconf 91' lang='lat' dir='ltr'><strong>IX.</strong></span> <span class='ocrx_word' id='word_1_94' title='bbox 1371 1591 1502 1657; x_wconf 86' lang='lat'><strong>914</strong></span> <span class='ocrx_word' id='word_1_95' title='bbox 1547 1615 1609 1679; x_wconf 94' lang='grc' dir='ltr'><strong>Ρ.</strong></span> <span class='ocrx_word' id='word_1_96' title='bbox 1663 1591 1821 1656; x_wconf 83' lang='grc' dir='ltr'><strong>71οε</strong></span> <span class='ocrx_word' id='word_1_97' title='bbox 1883 1591 2069 1673; x_wconf 77' lang='lat' dir='ltr'><strong>Quae</strong></span> <span class='ocrx_word' id='word_1_98' title='bbox 2130 1586 2405 1654; x_wconf 86' lang='lat' dir='ltr'><strong>ferenda</strong></span> <span class='ocrx_word' id='word_1_99' title='bbox 2458 1609 2628 1652; x_wconf 86' lang='lat' dir='ltr'><strong>car-</strong></span> 
     </span>
     <span class='ocr_line' id='line_1_13' title="bbox 483 1689 2630 1783; baseline -0.003 -19"><span class='ocrx_word' id='word_1_100' title='bbox 483 1701 699 1765; x_wconf 82' lang='lat' dir='ltr'><strong>mina</strong></span> <span class='ocrx_word' id='word_1_101' title='bbox 745 1699 868 1766; x_wconf 78' lang='lat' dir='ltr'><strong>Ms.</strong></span> <span class='ocrx_word' id='word_1_102' title='bbox 919 1699 1107 1766; x_wconf 79' lang='lat' dir='ltr'><strong>Grot.</strong></span> <span class='ocrx_word' id='word_1_103' title='bbox 1156 1699 1468 1764; x_wconf 83' lang='lat' dir='ltr'><strong>crimina.</strong></span> <span class='ocrx_word' id='word_1_104' title='bbox 1505 1696 1851 1764; x_wconf 85' lang='lat' dir='ltr'><strong>Claudiani</strong></span> <span class='ocrx_word' id='word_1_105' title='bbox 1898 1695 2175 1783; x_wconf 78' lang='lat' dir='ltr'><strong>Eutrop.</strong></span> <span class='ocrx_word' id='word_1_106' title='bbox 2212 1693 2279 1760; x_wconf 91' lang='lat' dir='ltr'><strong>ll.</strong></span> <span class='ocrx_word' id='word_1_107' title='bbox 2322 1690 2453 1759; x_wconf 81' lang='lat'><strong>458</strong></span> <span class='ocrx_word' id='word_1_108' title='bbox 2498 1689 2630 1759; x_wconf 90' lang='lat' dir='ltr'><strong>lau-</strong></span> 
     </span>
     <span class='ocr_line' id='line_1_14' title="bbox 482 1798 2629 1885; baseline -0.005 -13"><span class='ocrx_word' id='word_1_109' title='bbox 482 1806 686 1874; x_wconf 82' lang='lat' dir='ltr'><strong>dabas</strong></span> <span class='ocrx_word' id='word_1_110' title='bbox 717 1807 1113 1872; x_wconf 84' lang='lat' dir='ltr'><strong>carmina.</strong></span> <span class='ocrx_word' id='word_1_111' title='bbox 1187 1805 1388 1872; x_wconf 86' lang='lat' dir='ltr'><strong>Farn.</strong></span> <span class='ocrx_word' id='word_1_112' title='bbox 1423 1805 1782 1870; x_wconf 82' lang='lat' dir='ltr'><strong>crimina.</strong></span> <span class='ocrx_word' id='word_1_113' title='bbox 1842 1800 2163 1868; x_wconf 76' lang='lat' dir='ltr'><strong>Martialis</strong></span> <span class='ocrx_word' id='word_1_114' title='bbox 2192 1801 2249 1867; x_wconf 91' lang='lat'><strong>1.</strong></span> <span class='ocrx_word' id='word_1_115' title='bbox 2280 1799 2389 1885; x_wconf 80' lang='lat'><strong>53,</strong></span> <span class='ocrx_word' id='word_1_116' title='bbox 2422 1802 2486 1867; x_wconf 84' lang='lat'><strong>3.</strong></span> <span class='ocrx_word' id='word_1_117' title='bbox 2516 1798 2629 1865; x_wconf 83' lang='lat' dir='ltr'><strong>lx.</strong></span> 
     </span>
     <span class='ocr_line' id='line_1_15' title="bbox 481 1909 2629 1996; baseline -0.004 -18"><span class='ocrx_word' id='word_1_118' title='bbox 481 1915 588 1996; x_wconf 82' lang='lat'><strong>30,</strong></span> <span class='ocrx_word' id='word_1_119' title='bbox 622 1914 682 1978; x_wconf 82' lang='lat'><strong>2.</strong></span> <span class='ocrx_word' id='word_1_120' title='bbox 746 1911 948 1978; x_wconf 87' lang='lat' dir='ltr'><strong>Anth.</strong></span> <span class='ocrx_word' id='word_1_121' title='bbox 982 1912 1129 1976; x_wconf 86' lang='lat' dir='ltr'><strong>Lat.</strong></span> <span class='ocrx_word' id='word_1_122' title='bbox 1161 1911 1269 1977; x_wconf 83' lang='lat' dir='ltr'><strong>lV.</strong></span> <span class='ocrx_word' id='word_1_123' title='bbox 1303 1912 1454 1993; x_wconf 81' lang='lat'><strong>218,</strong></span> <span class='ocrx_word' id='word_1_124' title='bbox 1492 1915 1548 1974; x_wconf 91' lang='lat'><strong>1.</strong></span> <span class='ocrx_word' id='word_1_125' title='bbox 1575 1910 1930 1976; x_wconf 83' lang='lat' dir='ltr'><strong>Parcarum</strong></span> <span class='ocrx_word' id='word_1_126' title='bbox 1962 1909 2327 1975; x_wconf 85' lang='lat' dir='ltr'><strong>crimina.</strong></span> <span class='ocrx_word' id='word_1_127' title='bbox 2360 1909 2629 1974; x_wconf 85' lang='lat' dir='ltr'><strong>Meerm.</strong></span> 
     </span>
     <span class='ocr_line' id='line_1_16' title="bbox 481 2013 2629 2085; baseline -0.003 -1"><span class='ocrx_word' id='word_1_128' title='bbox 481 2019 870 2085; x_wconf 88' lang='lat' dir='ltr'><strong>car-mina.</strong></span> <span class='ocrx_word' id='word_1_129' title='bbox 941 2018 1138 2084; x_wconf 81' lang='lat' dir='ltr'><strong>Actu.</strong></span> <span class='ocrx_word' id='word_1_130' title='bbox 1186 2017 1344 2084; x_wconf 83' lang='lat'>584:</span> <span class='ocrx_word' id='word_1_131' title='bbox 1404 2015 1811 2084; x_wconf 81' lang='lat' dir='ltr'><strong>Athenarum</strong></span> <span class='ocrx_word' id='word_1_132' title='bbox 1882 2017 2212 2082; x_wconf 85' lang='lat' dir='ltr'><strong>crimen.</strong></span> <span class='ocrx_word' id='word_1_133' title='bbox 2262 2014 2453 2081; x_wconf 83' lang='lat' dir='ltr'><strong>codd.</strong></span> <span class='ocrx_word' id='word_1_134' title='bbox 2502 2013 2629 2079; x_wconf 85' lang='lat' dir='ltr'><strong>duo</strong></span> 
     </span>
    </p>
   </div>
   <div class='ocr_carea' id='block_1_3' title="bbox 483 2118 2634 2318">
    <p class='ocr_par' dir='ltr' id='par_1_3' title="bbox 483 2118 2634 2318">
     <span class='ocr_line' id='line_1_17' title="bbox 483 2118 2630 2212; baseline -0.004 -22"><span class='ocrx_word' id='word_1_135' title='bbox 483 2147 806 2192; x_wconf 85' lang='lat' dir='ltr'><strong>carmen</strong></span> <span class='ocrx_word' id='word_1_136' title='bbox 846 2133 913 2190; x_wconf 85' lang='lat' dir='ltr'><strong>et</strong></span> <span class='ocrx_word' id='word_1_137' title='bbox 957 2146 1116 2212; x_wconf 85' lang='lat' dir='ltr'><strong>quos</strong></span> <span class='ocrx_word' id='word_1_138' title='bbox 1147 2123 1520 2188; x_wconf 80' lang='lat' dir='ltr'><strong>indicarunt</strong></span> <span class='ocrx_word' id='word_1_139' title='bbox 1547 2122 1883 2210; x_wconf 81' lang='lat' dir='ltr'><strong>Livinejus</strong></span> <span class='ocrx_word' id='word_1_140' title='bbox 1922 2123 2292 2188; x_wconf 79' lang='lat' dir='ltr'><strong>Mamertin.</strong></span> <span class='ocrx_word' id='word_1_141' title='bbox 2327 2118 2630 2186; x_wconf 82' lang='lat' dir='ltr'><strong>Genethl.</strong></span> 
     </span>
     <span class='ocr_line' id='line_1_18' title="bbox 487 2226 2634 2318; baseline -0.002 -21"><span class='ocrx_word' id='word_1_142' title='bbox 487 2233 590 2314; x_wconf 86' lang='lat'><strong>16,</strong></span> <span class='ocrx_word' id='word_1_143' title='bbox 638 2232 678 2296; x_wconf 85' lang='lat'><strong>3</strong></span> <span class='ocrx_word' id='word_1_144' title='bbox 725 2255 789 2318; x_wconf 88' lang='lat' dir='ltr'><strong>p.</strong></span> <span class='ocrx_word' id='word_1_145' title='bbox 843 2229 970 2295; x_wconf 87' lang='grc'><strong>155</strong></span> <span class='ocrx_word' id='word_1_146' title='bbox 1021 2239 1086 2294; x_wconf 85' lang='lat' dir='ltr'><strong>et</strong></span> <span class='ocrx_word' id='word_1_147' title='bbox 1131 2227 1582 2294; x_wconf 86' lang='lat' dir='ltr'><strong>Broukhusius</strong></span> <span class='ocrx_word' id='word_1_148' title='bbox 1627 2229 1824 2315; x_wconf 87' lang='lat' dir='ltr'><strong>Prop.</strong></span> <span class='ocrx_word' id='word_1_149' title='bbox 1865 2227 1921 2292; x_wconf 91' lang='lat' dir='ltr'><strong>I.</strong></span> <span class='ocrx_word' id='word_1_150' title='bbox 1969 2227 2081 2308; x_wconf 87' lang='grc'><strong>18,</strong></span> <span class='ocrx_word' id='word_1_151' title='bbox 2132 2228 2171 2292; x_wconf 89' lang='grc'><strong>9</strong></span> <span class='ocrx_word' id='word_1_152' title='bbox 2219 2250 2284 2315; x_wconf 89' lang='lat' dir='ltr'><strong>p.</strong></span> <span class='ocrx_word' id='word_1_153' title='bbox 2336 2226 2418 2291; x_wconf 85' lang='lat'><strong>75</strong></span> <span class='ocrx_word' id='word_1_154' title='bbox 2474 2227 2634 2292; x_wconf 76' lang='lat' dir='ltr'><strong>Bur-</strong></span> 
     </span>
    </p>
   </div>
   <div class='ocr_carea' id='block_1_4' title="bbox 481 2332 2642 4115">
    <p class='ocr_par' dir='ltr' id='par_1_4' title="bbox 481 2332 2636 2848">
     <span class='ocr_line' id='line_1_19' title="bbox 481 2332 2629 2425; baseline -0.005 -21"><span class='ocrx_word' id='word_1_155' title='bbox 481 2359 882 2425; x_wconf 87' lang='lat' dir='ltr'><strong>mannusquc</strong></span> <span class='ocrx_word' id='word_1_156' title='bbox 927 2335 1018 2400; x_wconf 89' lang='lat' dir='ltr'><strong>lll.</strong></span> <span class='ocrx_word' id='word_1_157' title='bbox 1065 2336 1128 2418; x_wconf 84' lang='lat'><strong>9,</strong></span> <span class='ocrx_word' id='word_1_158' title='bbox 1175 2335 1217 2400; x_wconf 82' lang='lat'><strong>3</strong></span> <span class='ocrx_word' id='word_1_159' title='bbox 1275 2358 1340 2423; x_wconf 87' lang='lat' dir='ltr'><strong>p.</strong></span> <span class='ocrx_word' id='word_1_160' title='bbox 1389 2334 1518 2399; x_wconf 88' lang='grc'><strong>585</strong></span> <span class='ocrx_word' id='word_1_161' title='bbox 1575 2345 1643 2399; x_wconf 85' lang='lat' dir='ltr'><strong>et</strong></span> <span class='ocrx_word' id='word_1_162' title='bbox 1686 2333 1887 2399; x_wconf 87' lang='lat' dir='ltr'><strong>Anth.</strong></span> <span class='ocrx_word' id='word_1_163' title='bbox 1918 2335 2067 2400; x_wconf 88' lang='lat' dir='ltr'><strong>Lat.</strong></span> <span class='ocrx_word' id='word_1_164' title='bbox 2108 2332 2199 2399; x_wconf 90' lang='lat' dir='ltr'><strong>lll.</strong></span> <span class='ocrx_word' id='word_1_165' title='bbox 2237 2332 2385 2414; x_wconf 90' lang='grc'><strong>154,</strong></span> <span class='ocrx_word' id='word_1_166' title='bbox 2439 2334 2519 2398; x_wconf 86' lang='grc'><strong>13</strong></span> <span class='ocrx_word' id='word_1_167' title='bbox 2568 2355 2629 2420; x_wconf 87' lang='grc' dir='ltr'><strong>Ρ.</strong></span> 
     </span>
     <span class='ocr_line' id='line_1_20' title="bbox 484 2433 2632 2528; baseline -0.004 -19"><span class='ocrx_word' id='word_1_168' title='bbox 484 2445 614 2510; x_wconf 87' lang='grc'><strong>602</strong></span> <span class='ocrx_word' id='word_1_169' title='bbox 659 2452 730 2508; x_wconf 86' lang='lat' dir='ltr'><strong>et</strong></span> <span class='ocrx_word' id='word_1_170' title='bbox 773 2441 1152 2508; x_wconf 87' lang='lat' dir='ltr'><strong>Huschkius</strong></span> <span class='ocrx_word' id='word_1_171' title='bbox 1199 2441 1346 2506; x_wconf 86' lang='lat' dir='ltr'><strong>Tib.</strong></span> <span class='ocrx_word' id='word_1_172' title='bbox 1379 2433 1499 2505; x_wconf 86' lang='lat' dir='ltr'><strong>IV.</strong></span> <span class='ocrx_word' id='word_1_173' title='bbox 1537 2442 1640 2506; x_wconf 85' lang='lat'><strong>14.</strong></span> <span class='ocrx_word' id='word_1_174' title='bbox 1674 2443 1715 2506; x_wconf 87' lang='grc'><strong>3</strong></span> <span class='ocrx_word' id='word_1_175' title='bbox 1756 2464 1820 2528; x_wconf 89' lang='lat' dir='ltr'><strong>p.</strong></span> <span class='ocrx_word' id='word_1_176' title='bbox 1854 2441 1983 2505; x_wconf 84' lang='lat'><strong>673</strong></span> <span class='ocrx_word' id='word_1_177' title='bbox 2032 2448 2099 2505; x_wconf 88' lang='lat' dir='ltr'><strong>et</strong></span> <span class='ocrx_word' id='word_1_178' title='bbox 2136 2439 2329 2527; x_wconf 86' lang='lat' dir='ltr'><strong>hujus</strong></span> <span class='ocrx_word' id='word_1_179' title='bbox 2366 2437 2632 2524; x_wconf 84' lang='lat' dir='ltr'><strong>eclogae</strong></span> 
     </span>
     <span class='ocr_line' id='line_1_21' title="bbox 483 2544 2636 2632; baseline -0.003 -18"><span class='ocrx_word' id='word_1_180' title='bbox 483 2571 712 2616; x_wconf 84' lang='lat' dir='ltr'><strong>versus</strong></span> <span class='ocrx_word' id='word_1_181' title='bbox 746 2549 848 2632; x_wconf 88' lang='lat'><strong>14,</strong></span> <span class='ocrx_word' id='word_1_182' title='bbox 881 2547 994 2615; x_wconf 83' lang='lat' dir='ltr'><strong>ubi</strong></span> <span class='ocrx_word' id='word_1_183' title='bbox 1025 2557 1092 2612; x_wconf 88' lang='lat' dir='ltr'><strong>et</strong></span> <span class='ocrx_word' id='word_1_184' title='bbox 1123 2548 1464 2613; x_wconf 87' lang='lat' dir='ltr'><strong>crimina</strong></span> <span class='ocrx_word' id='word_1_185' title='bbox 1505 2548 1715 2613; x_wconf 84' lang='lat' dir='ltr'><strong>ferte</strong></span> <span class='ocrx_word' id='word_1_186' title='bbox 1764 2548 1962 2612; x_wconf 88' lang='lat' dir='ltr'><strong>estin</strong></span> <span class='ocrx_word' id='word_1_187' title='bbox 1994 2545 2227 2628; x_wconf 68' lang='lat' dir='ltr'><strong>Rehd„</strong></span> <span class='ocrx_word' id='word_1_188' title='bbox 2280 2544 2636 2610; x_wconf 83' lang='lat' dir='ltr'><strong>carmina</strong></span> 
     </span>
     <span class='ocr_line' id='line_1_22' title="bbox 486 2641 2633 2744; baseline -0.004 -24"><span class='ocrx_word' id='word_1_189' title='bbox 486 2657 552 2720; x_wconf 87' lang='lat' dir='ltr'><strong>in</strong></span> <span class='ocrx_word' id='word_1_190' title='bbox 597 2653 884 2744; x_wconf 83' lang='lat' dir='ltr'><strong>reliquis,</strong></span> <span class='ocrx_word' id='word_1_191' title='bbox 935 2664 1000 2718; x_wconf 85' lang='lat' dir='ltr'><strong>et</strong></span> <span class='ocrx_word' id='word_1_192' title='bbox 1054 2651 1212 2719; x_wconf 80' lang='lat' dir='ltr'><strong>silv.</strong></span> <span class='ocrx_word' id='word_1_193' title='bbox 1245 2651 1310 2717; x_wconf 88' lang='lat' dir='ltr'><strong>ll.</strong></span> <span class='ocrx_word' id='word_1_194' title='bbox 1345 2641 1516 2735; x_wconf 83' lang='lat'><strong>6,70,</strong></span> <span class='ocrx_word' id='word_1_195' title='bbox 1567 2651 1649 2718; x_wconf 89' lang='lat' dir='ltr'><strong>de</strong></span> <span class='ocrx_word' id='word_1_196' title='bbox 1698 2673 1825 2739; x_wconf 88' lang='lat' dir='ltr'><strong>quo</strong></span> <span class='ocrx_word' id='word_1_197' title='bbox 1856 2652 1925 2716; x_wconf 86' lang='lat' dir='ltr'><strong>in</strong></span> <span class='ocrx_word' id='word_1_198' title='bbox 1958 2651 2415 2739; x_wconf 79' lang='lat' dir='ltr'><strong>Conjectancis</strong></span> <span class='ocrx_word' id='word_1_199' title='bbox 2446 2648 2633 2714; x_wconf 90' lang='lat' dir='ltr'><strong>VIII.</strong></span> 
     </span>
     <span class='ocr_line' id='line_1_23' title="bbox 487 2761 852 2848; baseline -0.005 -22"><span class='ocrx_word' id='word_1_200' title='bbox 487 2761 852 2848; x_wconf 78' lang='lat' dir='ltr'><strong>expediam.</strong></span> 
     </span>
    </p>

    <p class='ocr_par' dir='ltr' id='par_1_5' title="bbox 1438 2922 1695 3006">
     <span class='ocr_line' id='line_1_24' title="bbox 1438 2922 1695 3006; baseline -0.004 -5"><span class='ocrx_word' id='word_1_201' title='bbox 1438 2922 1518 3001; x_wconf 85' lang='lat' dir='ltr'><strong>V.</strong></span> <span class='ocrx_word' id='word_1_202' title='bbox 1579 2926 1695 3006; x_wconf 76' lang='lat'><strong>26.</strong></span> 
     </span>
    </p>

    <p class='ocr_par' dir='ltr' id='par_1_6' title="bbox 486 3076 2642 4115">
     <span class='ocr_line' id='line_1_25' title="bbox 659 3076 2637 3165; baseline -0.001 -24"><span class='ocrx_word' id='word_1_203' title='bbox 659 3078 762 3142; x_wconf 89' lang='lat' dir='ltr'><strong>De</strong></span> <span class='ocrx_word' id='word_1_204' title='bbox 825 3076 950 3142; x_wconf 86' lang='lat' dir='ltr'><strong>hoc</strong></span> <span class='ocrx_word' id='word_1_205' title='bbox 994 3099 1190 3143; x_wconf 81' lang='lat' dir='ltr'><strong>versu</strong></span> <span class='ocrx_word' id='word_1_206' title='bbox 1247 3077 1588 3144; x_wconf 85' lang='lat' dir='ltr'><strong>doctorum</strong></span> <span class='ocrx_word' id='word_1_207' title='bbox 1636 3099 1955 3144; x_wconf 85' lang='lat' dir='ltr'><strong>consensu</strong></span> <span class='ocrx_word' id='word_1_208' title='bbox 2003 3101 2133 3142; x_wconf 84' lang='lat' dir='ltr'><strong>una</strong></span> <span class='ocrx_word' id='word_1_209' title='bbox 2184 3079 2491 3165; x_wconf 77' lang='lat' dir='ltr'><strong>frequens</strong></span> <span class='ocrx_word' id='word_1_210' title='bbox 2538 3087 2637 3142; x_wconf 78' lang='lat' dir='ltr'><strong>est</strong></span> 
     </span>
     <span class='ocr_line' id='line_1_26' title="bbox 489 3181 2639 3272; baseline 0.001 -24"><span class='ocrx_word' id='word_1_211' title='bbox 489 3183 762 3250; x_wconf 77' lang='lat' dir='ltr'><strong>Domitii</strong></span> <span class='ocrx_word' id='word_1_212' title='bbox 788 3185 1171 3250; x_wconf 80' lang='lat' dir='ltr'><strong>auctoritas:</strong></span> <span class='ocrx_word' id='word_1_213' title='bbox 1204 3183 1731 3272; x_wconf 85' lang='lat' dir='ltr'><strong>„Discordesque</strong></span> <span class='ocrx_word' id='word_1_214' title='bbox 1764 3184 2037 3249; x_wconf 87' lang='lat' dir='ltr'><strong>modos</strong></span> <span class='ocrx_word' id='word_1_215' title='bbox 2070 3194 2152 3248; x_wconf 87' lang='lat' dir='ltr'><strong>ct</strong></span> <span class='ocrx_word' id='word_1_216' title='bbox 2174 3181 2639 3269; x_wconf 81' lang='lat' dir='ltr'><strong>singultan-</strong></span> 
     </span>
     <span class='ocr_line' id='line_1_27' title="bbox 495 3288 2635 3378; baseline 0 -24"><span class='ocrx_word' id='word_1_217' title='bbox 495 3292 608 3355; x_wconf 86' lang='lat' dir='ltr'><strong>tia</strong></span> <span class='ocrx_word' id='word_1_218' title='bbox 651 3290 910 3356; x_wconf 85' lang='lat' dir='ltr'><strong>verba</strong></span> <span class='ocrx_word' id='word_1_219' title='bbox 953 3288 1280 3356; x_wconf 82' lang='lat' dir='ltr'><strong>Melior.</strong></span> <span class='ocrx_word' id='word_1_220' title='bbox 1370 3290 1452 3355; x_wconf 92' lang='lat' dir='ltr'><strong>In</strong></span> <span class='ocrx_word' id='word_1_221' title='bbox 1509 3288 1654 3356; x_wconf 88' lang='lat' dir='ltr'><strong>aliis</strong></span> <span class='ocrx_word' id='word_1_222' title='bbox 1712 3290 2046 3356; x_wconf 82' lang='lat' dir='ltr'><strong>codicibus</strong></span> <span class='ocrx_word' id='word_1_223' title='bbox 2091 3291 2185 3356; x_wconf 84' lang='lat' dir='ltr'><strong>ita</strong></span> <span class='ocrx_word' id='word_1_224' title='bbox 2226 3289 2333 3356; x_wconf 89' lang='lat' dir='ltr'><strong>hic</strong></span> <span class='ocrx_word' id='word_1_225' title='bbox 2378 3313 2635 3378; x_wconf 86' lang='lat' dir='ltr'><strong>quoque</strong></span> 
     </span>
     <span class='ocr_line' id='line_1_28' title="bbox 491 3395 2639 3485; baseline -0 -24"><span class='ocrx_word' id='word_1_226' title='bbox 491 3418 720 3462; x_wconf 84' lang='lat' dir='ltr'><strong>versus</strong></span> <span class='ocrx_word' id='word_1_227' title='bbox 749 3396 1085 3462; x_wconf 85' lang='lat' dir='ltr'><strong>mutilatus</strong></span> <span class='ocrx_word' id='word_1_228' title='bbox 1118 3397 1445 3463; x_wconf 82' lang='lat' dir='ltr'><strong>scribitur:</strong></span> <span class='ocrx_word' id='word_1_229' title='bbox 1495 3396 1957 3485; x_wconf 80' lang='lat' dir='ltr'><strong>discordesque</strong></span> <span class='ocrx_word' id='word_1_230' title='bbox 1990 3397 2238 3462; x_wconf 88' lang='lat' dir='ltr'><strong>modo.</strong></span> <span class='ocrx_word' id='word_1_231' title='bbox 2312 3395 2639 3483; x_wconf 84' lang='lat' dir='ltr'><strong>Singul-</strong></span> 
     </span>
     <span class='ocr_line' id='line_1_29' title="bbox 488 3502 2637 3591; baseline -0.001 -23"><span class='ocrx_word' id='word_1_232' title='bbox 488 3503 756 3569; x_wconf 84' lang='lat' dir='ltr'><strong>tantia</strong></span> <span class='ocrx_word' id='word_1_233' title='bbox 819 3507 1073 3570; x_wconf 82' lang='lat' dir='ltr'><strong>orsa.“</strong></span> <span class='ocrx_word' id='word_1_234' title='bbox 1162 3503 1242 3568; x_wconf 90' lang='lat' dir='ltr'><strong>In</strong></span> <span class='ocrx_word' id='word_1_235' title='bbox 1288 3503 1548 3568; x_wconf 87' lang='lat' dir='ltr'><strong>Veneta</strong></span> <span class='ocrx_word' id='word_1_236' title='bbox 1595 3513 1725 3568; x_wconf 85' lang='lat' dir='ltr'><strong>est:</strong></span> <span class='ocrx_word' id='word_1_237' title='bbox 1775 3503 2307 3591; x_wconf 85' lang='lat' dir='ltr'><strong>„Discordesque</strong></span> <span class='ocrx_word' id='word_1_238' title='bbox 2354 3502 2439 3566; x_wconf 90' lang='lat' dir='ltr'><strong>in</strong></span> <span class='ocrx_word' id='word_1_239' title='bbox 2488 3549 2503 3566; x_wconf 91' lang='lat'><strong>.</strong></span> <span class='ocrx_word' id='word_1_240' title='bbox 2554 3551 2569 3566; x_wconf 91' lang='lat'><strong>.</strong></span> <span class='ocrx_word' id='word_1_241' title='bbox 2621 3552 2637 3567; x_wconf 93' lang='lat'><strong>.</strong></span> 
     </span>
     <span class='ocr_line' id='line_1_30' title="bbox 489 3607 2637 3698; baseline -0.001 -24"><span class='ocrx_word' id='word_1_242' title='bbox 489 3608 1060 3694; x_wconf 84' lang='lat' dir='ltr'><strong>singultantia</strong></span> <span class='ocrx_word' id='word_1_243' title='bbox 1103 3608 1293 3674; x_wconf 85' lang='lat' dir='ltr'><strong>verb</strong></span> <span class='ocrx_word' id='word_1_244' title='bbox 1313 3613 1408 3674; x_wconf 83' lang='lat' dir='ltr'><strong>a“</strong></span> <span class='ocrx_word' id='word_1_245' title='bbox 1469 3609 1774 3698; x_wconf 84' lang='lat' dir='ltr'><strong>idemque</strong></span> <span class='ocrx_word' id='word_1_246' title='bbox 1824 3612 1893 3675; x_wconf 89' lang='lat' dir='ltr'><strong>in</strong></span> <span class='ocrx_word' id='word_1_247' title='bbox 1934 3609 2401 3695; x_wconf 81' lang='lat' dir='ltr'><strong>Rehdigerano</strong></span> <span class='ocrx_word' id='word_1_248' title='bbox 2447 3607 2637 3676; x_wconf 89' lang='lat' dir='ltr'><strong>libro.</strong></span> 
     </span>
     <span class='ocr_line' id='line_1_31' title="bbox 486 3712 2637 3802; baseline -0.001 -21"><span class='ocrx_word' id='word_1_249' title='bbox 486 3715 808 3782; x_wconf 82' lang='lat' dir='ltr'><strong>Nimirum</strong></span> <span class='ocrx_word' id='word_1_250' title='bbox 869 3715 1048 3802; x_wconf 86' lang='lat' dir='ltr'><strong>quod</strong></span> <span class='ocrx_word' id='word_1_251' title='bbox 1105 3739 1168 3779; x_wconf 86' lang='lat' dir='ltr'><strong>v.</strong></span> <span class='ocrx_word' id='word_1_252' title='bbox 1202 3715 1288 3779; x_wconf 76' lang='lat'><strong>24</strong></span> <span class='ocrx_word' id='word_1_253' title='bbox 1347 3715 1650 3798; x_wconf 78' lang='lat' dir='ltr'><strong>diximuS,</strong></span> <span class='ocrx_word' id='word_1_254' title='bbox 1710 3715 2009 3782; x_wconf 86' lang='lat' dir='ltr'><strong>firmatur</strong></span> <span class='ocrx_word' id='word_1_255' title='bbox 2060 3725 2126 3780; x_wconf 87' lang='lat' dir='ltr'><strong>et</strong></span> <span class='ocrx_word' id='word_1_256' title='bbox 2170 3715 2295 3780; x_wconf 87' lang='lat' dir='ltr'><strong>hoc</strong></span> <span class='ocrx_word' id='word_1_257' title='bbox 2340 3712 2483 3781; x_wconf 90' lang='lat' dir='ltr'><strong>loco</strong></span> <span class='ocrx_word' id='word_1_258' title='bbox 2530 3715 2637 3779; x_wconf 88' lang='lat' dir='ltr'><strong>in:</strong></span> 
     </span>
     <span class='ocr_line' id='line_1_32' title="bbox 486 3819 2639 3904; baseline -0.001 -17"><span class='ocrx_word' id='word_1_259' title='bbox 486 3821 736 3904; x_wconf 72' lang='lat' dir='ltr'><strong>modos</strong></span> <span class='ocrx_word' id='word_1_260' title='bbox 807 3832 874 3886; x_wconf 85' lang='lat' dir='ltr'><strong>et</strong></span> <span class='ocrx_word' id='word_1_261' title='bbox 925 3845 991 3886; x_wconf 85' lang='lat' dir='ltr'><strong>v.</strong></span> <span class='ocrx_word' id='word_1_262' title='bbox 1053 3819 1181 3885; x_wconf 82' lang='lat'><strong>25:</strong></span> <span class='ocrx_word' id='word_1_263' title='bbox 1242 3819 1574 3887; x_wconf 83' lang='lat' dir='ltr'><strong>tumulo:</strong></span> <span class='ocrx_word' id='word_1_264' title='bbox 1646 3823 1774 3885; x_wconf 83' lang='lat' dir='ltr'><strong>cui</strong></span> <span class='ocrx_word' id='word_1_265' title='bbox 1842 3820 2000 3885; x_wconf 89' lang='lat' dir='ltr'><strong>nul.</strong></span> <span class='ocrx_word' id='word_1_266' title='bbox 2078 3821 2163 3887; x_wconf 83' lang='lat'><strong>63</strong></span> <span class='ocrx_word' id='word_1_267' title='bbox 2234 3820 2639 3897; x_wconf 57' lang='lat' dir='ltr'><strong>devincam</strong></span> 
     </span>
     <span class='ocr_line' id='line_1_33' title="bbox 490 3926 2641 3994; baseline -0.001 0"><span class='ocrx_word' id='word_1_268' title='bbox 490 3928 874 3994; x_wconf 82' lang='lat' dir='ltr'><strong>demneus.</strong></span> <span class='ocrx_word' id='word_1_269' title='bbox 943 3926 1028 3991; x_wconf 86' lang='grc'><strong>56</strong></span> <span class='ocrx_word' id='word_1_270' title='bbox 1083 3927 1366 3993; x_wconf 86' lang='lat' dir='ltr'><strong>minus:</strong></span> <span class='ocrx_word' id='word_1_271' title='bbox 1437 3928 1743 3992; x_wconf 88' lang='lat' dir='ltr'><strong>nimius.</strong></span> <span class='ocrx_word' id='word_1_272' title='bbox 1812 3927 1898 3994; x_wconf 80' lang='lat'><strong>59</strong></span> <span class='ocrx_word' id='word_1_273' title='bbox 1968 3928 2329 3994; x_wconf 83' lang='lat' dir='ltr'><strong>nimium:</strong></span> <span class='ocrx_word' id='word_1_274' title='bbox 2399 3926 2641 3992; x_wconf 89' lang='lat' dir='ltr'><strong>homi—</strong></span> 
     </span>
     <span class='ocr_line' id='line_1_34' title="bbox 487 4033 2642 4115; baseline -0 -17"><span class='ocrx_word' id='word_1_275' title='bbox 487 4055 687 4100; x_wconf 87' lang='lat' dir='ltr'><strong>num.</strong></span> <span class='ocrx_word' id='word_1_276' title='bbox 747 4034 830 4100; x_wconf 87' lang='grc'><strong>68</strong></span> <span class='ocrx_word' id='word_1_277' title='bbox 895 4055 1288 4100; x_wconf 82' lang='lat' dir='ltr'><strong>summum:</strong></span> <span class='ocrx_word' id='word_1_278' title='bbox 1349 4035 1714 4100; x_wconf 82' lang='lat' dir='ltr'><strong>eximium.</strong></span> <span class='ocrx_word' id='word_1_279' title='bbox 1777 4033 1865 4100; x_wconf 89' lang='lat' dir='ltr'><strong>II.</strong></span> <span class='ocrx_word' id='word_1_280' title='bbox 1921 4036 1977 4115; x_wconf 88' lang='lat'><strong>1,</strong></span> <span class='ocrx_word' id='word_1_281' title='bbox 2024 4034 2111 4098; x_wconf 86' lang='lat'><strong>48</strong></span> <span class='ocrx_word' id='word_1_282' title='bbox 2160 4035 2481 4100; x_wconf 76' lang='lat' dir='ltr'><strong>umixtaz</strong></span> <span class='ocrx_word' id='word_1_283' title='bbox 2528 4035 2642 4098; x_wconf 89' lang='lat' dir='ltr'><strong>in-</strong></span> 
     </span>
    </p>
   </div>
   <div class='ocr_carea' id='block_1_5' title="bbox 489 4139 2641 4314">
    <p class='ocr_par' dir='ltr' id='par_1_7' title="bbox 489 4139 2641 4314">
     <span class='ocr_line' id='line_1_35' title="bbox 489 4139 2639 4228; baseline -0.002 -22"><span class='ocrx_word' id='word_1_284' title='bbox 489 4141 733 4209; x_wconf 80' lang='lat' dir='ltr'><strong>mixta.</strong></span> <span class='ocrx_word' id='word_1_285' title='bbox 806 4141 867 4223; x_wconf 84' lang='lat'><strong>2,</strong></span> <span class='ocrx_word' id='word_1_286' title='bbox 942 4140 1066 4206; x_wconf 83' lang='lat'><strong>147</strong></span> <span class='ocrx_word' id='word_1_287' title='bbox 1138 4140 1412 4206; x_wconf 84' lang='lat' dir='ltr'><strong>visere:</strong></span> <span class='ocrx_word' id='word_1_288' title='bbox 1479 4140 1841 4206; x_wconf 85' lang='lat' dir='ltr'><strong>insedere.</strong></span> <span class='ocrx_word' id='word_1_289' title='bbox 1912 4140 1995 4204; x_wconf 86' lang='lat' dir='ltr'><strong>cf.</strong></span> <span class='ocrx_word' id='word_1_290' title='bbox 2070 4140 2369 4228; x_wconf 83' lang='lat' dir='ltr'><strong>Oonject.</strong></span> <span class='ocrx_word' id='word_1_291' title='bbox 2440 4139 2639 4206; x_wconf 89' lang='lat' dir='ltr'><strong>XIII.</strong></span> 
     </span>
     <span class='ocr_line' id='line_1_36' title="bbox 493 4244 2641 4314; baseline -0.003 0"><span class='ocrx_word' id='word_1_292' title='bbox 493 4244 802 4314; x_wconf 79' lang='lat' dir='ltr'><strong>Ceterum</strong></span> <span class='ocrx_word' id='word_1_293' title='bbox 865 4245 1090 4313; x_wconf 81' lang='lat' dir='ltr'><strong>dubito</strong></span> <span class='ocrx_word' id='word_1_294' title='bbox 1155 4268 1238 4310; x_wconf 87' lang='lat' dir='ltr'><strong>an</strong></span> <span class='ocrx_word' id='word_1_295' title='bbox 1287 4245 1596 4312; x_wconf 77' lang='lat' dir='ltr'><strong>Heinsius</strong></span> <span class='ocrx_word' id='word_1_296' title='bbox 1662 4245 1743 4311; x_wconf 84' lang='lat' dir='ltr'><strong>de</strong></span> <span class='ocrx_word' id='word_1_297' title='bbox 1792 4246 1995 4312; x_wconf 87' lang='lat' dir='ltr'><strong>verbo</strong></span> <span class='ocrx_word' id='word_1_298' title='bbox 2054 4246 2463 4312; x_wconf 87' lang='lat' dir='ltr'><strong>moliendi</strong></span> <span class='ocrx_word' id='word_1_299' title='bbox 2520 4267 2641 4310; x_wconf 84' lang='lat' dir='ltr'><strong>usu</strong></span> 
     </span>
    </p>
   </div>
  </div>
 </body>
</html>
