3234 4967
648 327 752 380 256
1064 295 1072 301 ’
1431 320 1729 386 conjeci.
1764 321 1973 374 xvm.

648 511 800 558 „cum
837 493 1118 554 exhibeant
1151 493 1357 544 codices
1391 491 1623 544 Heinsii:
1660 492 1946 556 nullisque
1982 493 2129 546 deest
2156 493 2287 557 jam
2324 493 2523 556 fabula,
2584 499 2637 544 at
2671 493 2793 544 libri

647 579 976 640 Caesellanus
1033 587 1086 629 et
1119 577 1356 628 Danielis
1415 592 1531 627 eum
1585 572 1797 627 Behotii
1856 577 2048 628 alteros
2110 577 2397 642 nullisque
2453 580 2596 630 deest
2652 593 2793 642 sna,

644 671 864 716 vernunst
897 665 1036 719 haud
1084 663 1264 724 dubie,
1324 663 1464 728 quod
1501 661 1897 725 Lindenbrogio‘
1938 669 1989 710 et
2027 662 2296 713 Bernartio
2345 663 2569 728 placuit:
2640 662 2796 712 nullis

641 751 772 815 jam
809 750 950 800 dest
985 733 1081 798 sua
1115 746 1294 797 fabula
1329 746 1550 796 mensis“
1588 747 1692 797 alia
1726 747 2035 798 succurrisse
2060 747 2372 811 expediendi
2397 748 2625 798 consilia.
2659 747 2794 798 Nam

645 835 876 884 inserere
910 847 1092 884 vocem
1127 843 1232 882 en:
1280 831 1433 881 nullis
1470 831 1724 894 deest‘en
1760 846 1855 881 sua
1889 829 2069 882 fabula
2106 831 2324 882 mensis“
2379 846 2545 896 neque
2600 847 2631 880 a
2680 846 2792 882 sen-

648 919 807 969 tentia
864 917 1089 968 alienum
1146 923 1226 966 est
1285 913 1373 980 (cf.
1435 905 1662 968 Martial.
1703 915 1823 968 Vll.
1884 917 1967 977 34,
2005 917 2061 968 6:
2132 915 2269 966 Non
2317 917 2502 966 deest
2544 917 2796 982 protinuS,

649 1017 829 1064 ecce,
881 997 948 1052 de
984 993 1280 1065 malignis“)
1339 1015 1508 1065 neque
1545 1017 1576 1051 a
1611 1001 1883 1050 memoriae
1918 999 2051 1050 fide:
2114 1000 2235 1064 qnid
2273 998 2404 1048 enim
2442 1001 2548 1050 veri
2584 1001 2793 1050 similius

649 1088 751 1138 diei
786 1092 973 1152 potest,
1010 1089 1159 1150 quarn
1186 1084 1310 1135 hoc:
1345 1085 1687 1150 interceptam
1723 1084 1863 1134 illam
1898 1098 2076 1133 vocem
2114 1081 2274 1146 fuisse
2312 1091 2481 1146 notae,
2519 1100 2621 1148 qua
2656 1101 2793 1136 com-

649 1172 898 1240 prehendi
933 1170 1127 1221 soleret
1159 1170 1371 1220 verbum
1407 1177 1528 1228 est,
1565 1169 1915 1230 similitu-line,
1950 1183 2085 1232 quae
2124 1175 2315 1232 quanta
2335 1167 2502 1230 fuerit,
2539 1170 2799 1220 cuminde

651 1256 936 1325 colligitur,
994 1255 1134 1318 quod
1168 1255 1370 1318 utrique
1406 1255 1521 1304 voci
1553 1260 1653 1330 9⁸?
1684 1261 1735 1304 et
1771 1268 1845 1304 en
1881 1269 2058 1304 vocem
2095 1260 2155 1303 et
2198 1252 2517 1317 frequentius
2552 1255 2795 1306 nocuisse

653 1349 707 1396 et
738 1341 802 1392 iis
835 1341 964 1391 locis
1002 1347 1316 1405 compertum
1351 1339 1612 1401 habemus,
1650 1343 1777 1404 quos
1816 1339 2025 1402 collegit
2046 1335 2507 1388 Drakenborchius
2530 1337 2644 1389 Liv.
2670 1338 2791 1390 vu.

650 1428 735 1488 40,
774 1428 800 1476 1
823 1441 888 1490 p.
927 1425 1026 1475 336
1062 1431 1115 1474 et
1147 1425 1226 1486 iis,
1265 1425 1352 1487 qni
1387 1430 1510 1473 sunt
1545 1423 1681 1488 apud
1717 1420 1969 1472 Naekium
2008 1422 2187 1474 Caton.
2227 1422 2338 1471 Dir.
2376 1423 2441 1473 93
2480 1439 2529 1486 p.
2570 1425 2669 1474 126
2727 1423 2791 1478 cf.

653 1489 885 1574 Conject.
919 1508 1097 1559 xvn.
1137 1504 1328 1574 (Theb.
1363 1507 1432 1560 V.
1472 1509 1593 1558 124:
1633 1516 1787 1571 atque
1824 1508 1999 1572 ingens
2038 1522 2112 1556 en
2150 1508 2341 1557 cernite
2377 1509 2548 1557 sudor.
2587 1507 2795 1559 Monac.

653 1664 728 1713 At
761 1663 912 1714 sociis
948 1663 1156 1711 immota
1189 1661 1315 1709 fides
1353 1661 1640 1722 austrisque
1678 1661 1912 1709 secundis
1950 1657 2384 1710 cunct-autum
2442 1676 2540 1711 nec
2600 1677 2791 1726 parvus

657 1731 836 1796 HylaS,
873 1744 1178 1794 quamquam
1217 1729 1454 1777 omnibus
1491 1743 1657 1792 aeque
1697 1727 1887 1777 Gratus
1926 1736 2085 1787 erat,
2126 1727 2373 1777 movet“
2420 1728 2549 1791 (quo
2587 1730 2795 1796 mirifice

663 1799 1012 1863 depravantur
1049 1803 1230 1860 poetae
1267 1798 1427 1845 verba
1461 1797 1621 1855 haect„
1682 1796 1757 1844 At
1792 1797 1941 1846 sociis
1978 1797 2181 1844 immota
2219 1797 2343 1864 fides
2392 1794 2681 1861 aust-risque
2718 1813 2798 1846 sc-

664 1867 842 1920 cuneis
879 1864 1097 1915 Certa:
1133 1879 1348 1914 morae
1383 1880 1502 1913 nec
1538 1866 1724 1928 parvus
1762 1864 1939 1928 Hylas,
1996 1879 2306 1928 quamquam
2361 1866 2595 1914 omnibus
2634 1881 2799 1928 aeque

661 1933 826 1986 Grata
861 1932 1176 1982 rudimenta“
1214 1933 1344 1980 vsive
1403 1947 1562 1981 mora
1626 1941 1726 1980 est
1785 1932 1849 1980 cf.
1888 1933 2050 1983 Drak.
2088 1931 2179 1981 Sil.
2218 1931 2369 1982 VIII.
2408 1933 2473 1982 33
2518 1949 2565 1997 p.
2604 1935 2704 1984 394
2740 1949 2799 1982 ac

664 2002 874 2051 Terent.
911 2001 1138 2065 Adelph.
1177 1999 1272 2050 IV.
1312 2003 1360 2060 5,
1388 1999 1476 2062 78)
1515 2007 1604 2048 aut
1640 2001 1769 2048 illud
1806 2016 1853 2051 v,
1880 2003 2003 2050 645:
2042 2001 2283 2064 ducitque
2319 1999 2550 2050 faventes
2585 2003 2801 2066 Magna-

662 2069 828 2120 nimus
888 2067 1155 2134 Calydone
1217 2075 1356 2118 satus
1415 2069 1635 2132 potiora
1693 2083 1849 2131 pero
1866 2082 1971 2128 sus
2018 2069 2296 2116 Deteriora
2353 2066 2585 2128 fovens“‚
2647 2083 2799 2132 quem
2837 2118 2847 2125 ,

659 2150 857 2186 versum
893 2137 1207 2200 aliquantum
1243 2135 1536 2200 praestabat
1588 2136 1661 2184 sie
1699 2127 1896 2184 scribi:¹
1948 2137 2189 2200 ducitque
2242 2135 2547 2196 faventes
2582 2163 2646 2172 —
2684 2152 2799 2202 po-

659 2203 938 2256 tioribus
983 2205 1092 2268 ipse
1127 2202 1405 2254 Deteriora
1439 2201 1647 2252 fovens“
1690 2201 1810 2265 (vid.
1850 2199 2085 2268 Conject.
2123 2203 2298 2254 XVII.
2335 2221 2381 2268 p.
2413 2207 2527 2257 248.
2576 2205 2641 2253 cf.
2678 2203 2799 2256 Sen.

659 2271 816 2338 Hipp.
855 2272 982 2322 979:
1017 2271 1240 2334 pejora
1275 2268 1573 2332 fovens“).
1646 2269 1845 2326 Verum
1882 2278 1939 2319 ut
1974 2271 2221 2321 Muelleri
2256 2272 2550 2336 Kochiique
2586 2273 2803 2337 vestigia

659 2340 837 2402 legere
895 2337 1146 2398 desinam,
1209 2339 1431 2402 ejusdem
1468 2337 1668 2387 Valerii
1726 2339 1845 2387 loco
1892 2338 2012 2388 VII.
2072 2342 2199 2390 520:
2272 2339 2485 2390 Saevior
2520 2366 2582 2376 —
2620 2351 2799 2401 restat,

661 2404 854 2467 Crede,
909 2404 1083 2465 labor,
1121 2420 1270 2468 quem
1306 2413 1446 2455 tanta
1479 2405 1673 2455 utinam
1710 2406 1898 2454 fiducia
1935 2407 2095 2457 nostri
2132 2405 2213 2456 Sit·
2249 2407 2370 2456 mihi
2406 2415 2797 2472 nocturnaeque

660 2472 884 2523 Hecates
918 2473 1176 2536 vestrique
1210 2471 1426 2537 vigoris“
1483 2474 1664 2522 videor
1715 2487 1902 2524 vocem
1952 2489 2092 2523 nam
2148 2473 2311 2537 (illam
2366 2475 2565 2539 quidem
2618 2476 2802 2526 eadem

667 2542 956 2593 temeritate
993 2539 1202 2598 illatam,
1239 2555 1340 2603 qua
1375 2541 1512 2604 apud
1549 2541 1767 2590 Statium
1804 2541 1927 2592 Silv.
1966 2541 2031 2592 ΙΙ.
2071 2545 2117 2602 1,
2154 2544 2277 2593 229.
2329 2557 2501 2606 „nam
2536 2542 2791 2593 insontes“

664 2615 952 2672 promptum
989 2606 1146 2657 fuisse
1181 2607 1458 2657 Domitium
1495 2607 1813 2658 intellectum
1851 2619 1929 2659 est
1986 2625 2139 2674 supra
2172 2610 2345 2661 XVII.
2382 2611 2445 2660 cf.
2482 2607 2648 2662 Drak.
2685 2611 2799 2660 Liv.

665 2677 733 2732 X.
774 2677 854 2737 17,
894 2677 960 2725 10
982 2691 1031 2740 p.
1054 2675 1178 2735 127)
1215 2682 1354 2724 recte
1392 2677 1617 2725 eximere
1653 2677 1725 2726 sic
1760 2678 2031 2726 scribendo
2070 2677 2276 2735 (tenta
2313 2679 2433 2727 utiz
2468 2677 2803 2741 tentanti):

673 2744 901 2806 „saevior
939 2767 1002 2780 --
1037 2749 1198 2792 restat
1237 2767 1294 2776 -
1333 2743 1502 2805 labor,
1564 2757 1713 2806 quem
1749 2737 2036 2794 tentanti
2071 2745 2257 2795 fiducia
2293 2745 2451 2794 nostri
2486 2745 2597 2796 Sat
2632 2744 2804 2806 mihi“,

669 2819 729 2860 nt
761 2811 900 2874 apud
936 2808 1118 2859 Silium
1155 2817 1232 2859 est
1265 2809 1360 2858 IX.
1400 2811 1527 2860 377:
1587 2813 1759 2860 decoxi
1814 2814 2099 2878 ψέξῃ
2168 2813 2363 2863 ariendi
2398 2822 2629 2878 tempora
2662 2813 2799 2868 leti.“

666 2877 821 2931 xm.
857 2878 980 2928 6712
1016 2873 1126 2927 Sat
1159 2876 1248 2925 tibi
1285 2876 1415 2925 sint
1451 2878 1758 2928 documenta
1794 2881 1987 2933 domus.
2058 2880 2123 2938 X,
2172 2917 2185 2930 .
2224 2883 2349 2932 586:
2387 2881 2472 2944 qui
2508 2882 2573 2930 ad
2608 2882 2805 2947 proelia

670 2945 765 2996 soli
801 2944 1078 2995 Hannibali
1117 2945 1274 2994 satis
1313 2959 1451 2994 esse
1489 2947 1719 3009 nequit.“
1790 2946 2060 2999 Claudian.
2098 2949 2160 2998 R.
2196 2947 2339 3002 Pros.
2387 2947 2486 3003 111.
2528 2949 2626 3000 137
2640 2967 2651 2998 :
2690 2950 2805 3002 Sat

667 3012 813 3062 nulla
870 3011 1038 3061 ruenti
1097 3008 1410 3062 Mobilitas.“
1479 3012 1657 3066 Barth.
1695 3012 1823 3064 Stat.
1861 3015 2027 3066 Theb.
2081 3016 2123 3066 Ι.
2178 3019 2279 3067 270
2332 3032 2379 3081 p.
2419 3018 2499 3067 78.
2568 3013 2803 3079 Broukh.

667 3079 826 3144 Prop.
861 3079 926 3134 11.
963 3081 1046 3138 22,
1083 3079 1149 3129 33
1208 3095 1256 3143 p.
1293 3081 1410 3132 216.
1481 3081 1657 3130 Bnrm.
1693 3081 1814 3132 Val.
1850 3083 2023 3136 Flacc.
2060 3082 2159 3136 IV.
2196 3086 2295 3136 546
2332 3099 2384 3151 p.
2424 3086 2537 3137 381.
2609 3083 2803 3150 Wopk.

668 3147 870 3198 Paulin.
909 3147 1111 3197 Petroc.
1149 3146 1253 3196 Vit.
1290 3146 1494 3197 Martin.
1530 3149 1598 3198 11.
1634 3149 1732 3200 451
1772 3165 1821 3212 p.
1862 3153 1975 3200 852.
2048 3151 2253 3206 Ruhnk.
2293 3151 2441 3202 Ovid.
2478 3151 2599 3202 Her.
2635 3153 2805 3216 11.‚44

667 3229 720 3281 p.
760 3214 839 3264 13.
911 3209 1016 3262 Sed
1051 3223 1279 3264 revertar
1315 3217 1382 3263 ad
1417 3215 1721 3278 Statium,
1758 3217 1839 3265 cui
1864 3217 2031 3267 Theb.
2056 3218 2125 3269 V.
2151 3221 2275 3271 151:
2312 3219 2553 3286 ferroque
2589 3235 2803 3270 omnes

669 3281 942 3346 (animos
957 3281 1178 3344 Frising.
1197 3281 1262 3333 cf.
1281 3283 1451 3333 adnot.
1472 3283 1585 3336 Ecl.
1607 3285 1673 3336 59
1686 3299 1735 3349 p.
1752 3283 1857 3348 98.)
1896 3286 2033 3334 exir
2048 3301 2075 3335 e
2095 3303 2188 3350 per
2205 3289 2400 3338 annos“
2419 3288 2617 3350 spretis,
2636 3291 2803 3348 credo,

669 3364 803 3416 quae
861 3348 1108 3399 Barthius
1166 3365 1216 3414 p.
1256 3352 1370 3400 102.
1437 3349 1683 3402 Heinsius
1722 3349 1987 3402 claudian.
2047 3355 2111 3404 R.
2172 3355 2316 3406 Pros.
2377 3355 2419 3406 Ι.
2465 3356 2529 3405 32
2590 3371 2639 3420 p.
2688 3357 2805 3408 544.

670 3419 997 3468 Burmannus
1035 3415 1180 3467 Ovid.
1219 3415 1286 3468 A.
1323 3417 1440 3469 Am.
1478 3417 1577 3470 111.
1638 3421 1739 3470 419
1798 3435 1847 3484 p.
1886 3421 2002 3471 685.
2084 3419 2288 3471 Cottius
2347 3423 2537 3476 Lucan.
2598 3423 2637 3476 Ι.
2704 3425 2801 3473 212

666 3502 720 3552 p.
757 3485 824 3536 66
862 3485 1299 3550 exprompserunt,
1336 3487 1651 3535 reddendum
1702 3501 1813 3536 esse
1850 3489 2111 3537 contendit
2143 3489 2273 3540 Luc.
2308 3489 2589 3540 Muellerus
2625 3487 2692 3540 de
2728 3490 2805 3540 Re

667 3553 820 3605 Metr.
858 3552 955 3603 111.
991 3569 1040 3618 p.
1076 3555 1176 3603 v221
1214 3554 1338 3606 hoct
1399 3563 1574 3604 omnes
1634 3555 1881 3604 saevire
1916 3569 2011 3620 per
2046 3559 2259 3617 annos,“
2318 3560 2455 3622 quod
2516 3559 2805 3611 Scholiasta

669 3623 882 3686 dignum
917 3621 1119 3672 videtur
1157 3636 1295 3682 esse,
1350 3634 1456 3672 non
1504 3630 1675 3687 poet-a.
1714 3621 1957 3672 ,Scilicet
1990 3625 2121 3674 haee
2156 3625 2480 3676 Foreellinus
2514 3626 2578 3679 11.
2618 3643 2667 3690 p.
2705 3627 2802 3676 221

669 3691 902 3755 scripsit:
938 3690 1114 3741 exire
1149 3691 1201 3739 id
1239 3699 1314 3740 est
1347 3691 1657 3742 saevire.“
1694 3691 1801 3741 Nec
1822 3694 1960 3754 quod
1978 3693 2029 3742 in
2050 3693 2193 3742 nullo
2208 3693 2314 3756 jam
2336 3701 2596 3759 comparet
2615 3695 2805 3755 codice,

672 3759 943 3808 invenerat
993 3757 1162 3808 ‘Vetus
1223 3755 1512 3808 Scholiasta
1568 3774 1619 3823 p.
1677 3761 1802 3809 102.
1874 3761 2046 3810 exire
2084 3787 2146 3796 ——
2185 3761 2381 3820 furere,
2442 3762 2805 3812 bacchari.“

670 3826 880 3886 Quanto
913 3827 1071 3890 igitur
1107 3825 1293 3875 rectius
1327 3827 1510 3874 doctus
1547 3826 1701 3876 homo
1738 3828 1991 3886 sensisset,
2030 3829 2069 3876 si
2104 3829 2253 3878 'nanc‘
2274 3829 2528 3878 scribendi
2553 3831 2804 3881 rationem

669 3895 933 3944 edixisset:
969 3906 1140 3944 omnes
1177 3902 1380 3958 aeque
1415 3893 1488 3942 ire
1523 3907 1612 3957 per
1646 3891 1843 3944 annos“
1880 3895 1944 3944 cf.
1983 3895 2211 3958 Conject.
2247 3895 2368 3949 XV.
2444 3897 2547 3958 Qui
2580 3899 2715 3946 idem
2752 3899 2805 3948 in

668 3963 845 4012 eodem
882 3961 1000 4012 loeo
1037 3961 1164 4012 haec
1202 3963 1266 4010 de
1303 3975 1453 4010 versu
1493 3963 1593 4011 140
1629 3963 1895 4025 magnifiee
1933 3963 2203 4026 loquutust
2240 3963 2625 4025 „scribendumz
2686 3968 2807 4030 dum

669 4032 872 4094 tempus
909 4029 1013 4093 agi‘
1046 4043 1188 4078 rem.
1245 4030 1381 4094 quod
1419 4043 1532 4078 eum
1570 4043 1810 4080 sensuum
1846 4031 2204 4096 probabilitate
2242 4033 2609 4084 restituerimus
2645 4035 2807 4098 magis

669 4097 816 4146 etiam
852 4097 1076 4162 placebit
1127 4096 1501 4147 conferent-ibus
1555 4099 1691 4146 unde
1728 4098 1933 4147 ductum
1988 4107 2063 4148 est
2099 4099 2459 4162 Vergilianum
2506 4101 2639 4153 illud
2672 4101 2806 4157 Aen,

668 4163 735 4214 V.
773 4166 896 4216 638:
949 4165 1057 4230 jam
1109 4173 1319 4230 tempus.
1363 4167 1446 4230 agi
1500 4161 1614 4215 res“
1678 4167 1845 4229 arguit
1897 4181 1951 4216 se
2002 4168 2055 4215 in
2110 4167 2487 4217 commentariis
2524 4168 2720 4218 Heinsii
2756 4178 2808 4226 et

668 4233 1008 4300 Peerlkampii
1045 4247 1223 4299 parum
1261 4233 1531 4300 diligenter
1564 4243 1819 4285 versatum
1856 4234 1955 4288 vid.
1994 4236 2164 4285 adnot.
2202 4233 2379 4303 Eclog.
2420 4237 2487 4287 43
2524 4252 2573 4304 p.
2612 4239 2693 4288 67.
