3234 4967
1345 383 1704 436 Adnotass.
1849 356 1855 362 '
2514 379 2585 444 61

446 588 884 654 Aeaciden.
983 592 1077 655 lta
1145 585 1350 652 Theb.
1412 584 1539 650 Vll.
1593 585 1747 654 190:
1817 579 2590 676 placitusque'vagae

445 693 805 782 Nycteidos
852 693 1078 775 ardor,
1134 701 1210 756 ut
1264 702 1442 756 recte
1504 711 1589 755 ex
1637 691 1895 778 scriptis
1944 689 2350 775 Gronovius,
2394 695 2593 782 ‘quem

447 801 599 867 vide
647 810 714 864 et
771 801 996 866 Heius,
1049 797 1239 865 Ovid.
1291 799 1448 863 Hcr.
1499 787 1862 864 Χ1Χ’.·208
1911 806 1977 862 et
2024 797 2163 864 Art.
2216 798 2359 864 Am.
2393 803 2457 865 -l.
2507 801 2590 866 37

449 917 514 971 et
547 906 753 972 Drak.
790 905 900 972 Sil.
939 909 979 971 1.
1020 906 1169 970 11.“
1225 905 1430 971 'Haec
1461 903 1910 990 Marklandus.
1979 903 2190 986 Quem
2232 908 2593 972 sententiae

422 1013 572 1087 loci
620 1035 778 1078 vere
836 1009 1194 1100 capiendae
1256 1012 1570 1098 imparem
1632 1011 1829 1074 fuisse
1889 1011 2305 1098 perspicuum
2362 1023 2461 1078 est
2510 1037 2593 1079 ex
2718 997 2724 1004 ’

447 1121 548 1203 iis,
601 1141 769 1208 quae
819 1118 905 1183 ad
955 1141 1016 1183 v.
1066 1116 1152 1183 35
1200 1117 1622 1183 commentati
1670 1139 1909 1182 sumus.
1965 1117 2167 1183 Hoc
2181 1119 2353 1184 enim
2399 1129 2599 1208 poeta

451 1227 696 1291 fatetur
723 1207 936 1290 luctus
967 1225 1353 1312 impotentia
1383 1220 1677 1289 factum
1659 1223 1763 1306 iri,
1809 1232 1881 1288 ut
1922 1223 2113 1311 impl
2134 1224 2605 1293 acidissima

454 1353 747 1420 quaeque
785 1333 927 1419 jam
974 1355 1014 1395 a
1060 1353 1127 1395 se
1175 1331 1609 1418 proferantur.
1685 1329 1788 1393 De
1836 1333 2021 1419 cujus
2055 1331 2236 1395 vocis
2268 1332 2345 1396 vi
2384 1343 2449 1397 et
2480 1355 2602 1400 usu

452 1435 756 1504 subtilius
798 1433 1171 1524 explicandi
1216 1435 1428 1501 locum
1477 1435 1637 1500 dant
1678 1435 2191 1502 Emen‘dationes
2222 1439 2417 1526 Prop.
2452 1461 2597 1528 cap.

453 1542 556 1608 Vl.
609 1544 668 1608 2.
743 1543 897 1608 ’Nec
953 1542 1078 1606 hoc
1136 1541 1400 1630 quidem
1455 1537 1926 1631 Marklandu‘sJ
1988 1559 2179 1630 quem
2242 1551 2602 1632 sequuntur

453 1649 843 1734 Duebnerus
904 1645 1395 1737 Queckiusque,
1451 1647 1640 1712 vidit
1712 1645 1836 1713 sibi
1884 1647 2315 1714 scribendum
2374 1651 2605 1722 fuisse:

456 1755 546 1820 nil
611 1758 742 1841 jam
810 1755 1080 1843 placiti
1150 1753 1442 1820 manabit
1503 1754 1625 1820 ab
1626 1759 1805 1820 ore“
1866 1755 1944 1820 cf.
2003 1755 2145 1821 vel
2168 1755 2381 1822 Bentl.
2444 1757 2691 1826 Hor*

457 1861 672 1928 Oarm.
723 1862 768 1924 l.
819 1864 880 1990 3,
930 1861 1013 1926 37
1063 1860 1310 1948 p.·14,
1531 1865 1534 1868 ’

1409 2101 1663 2196 v.-38.
1780 2099 1787 2106 ’

635 2282 818 2392 Vitio
866 2282 1038 2348 hunc
1093 2301 1352 2348 versum
1415 2283 1723 2349 affectum
1771 2305 1912 2348 esse
1972 2281 2183 2348 adhuc
2228 2303 2421 2351 nemo
2466 2309 2611 2374 per-

461 2389 696 2476 spexit
794 2383 1090 2454 Primum
1161 2391 1331 2454 enim
1407 2387 1552 2478 ipsa
1630 2385 1993 2478 bipartita
2028 2393 2352 2456 sententia
2428 2403 2611 2458 vetat

456 2493 804 2583 utrobique
862 2477 1037 2560 idem
1097 2495 1285 2583 poni:
1357 2493 1510 2578 „ille
1583 2509 1742 2580 ego,
1786 2497 1922 2583 q'ui
1986 2495 2356 2562 blandus
2425 2501 2609 2585 potui
2674 2485 2679 2492 ⁹

457 2599 792 2666 mulcere
818 2601 1097 2668 dolores.
1179 2601 1327 2667 llle
1400 2603 1564 2690 ego
1597 2600 1936 2689 lugentum
2005 2603 2227 2668 mitis
2298 2601 2611 2686 solator.“

457 2691 717 2773 Deinde
775 2707 1061 2795 repetita
1106 2729 1240 2772 vox
1295 2709 1560 2795 quiet
1610 2707 1737 2773 hoc
1782 2703 1989 2801 docet
2050 2709 2207 2774 satis
2244 2703 2334 2773 ‘in
2394 2711 2611 2798 priore
2704 2705 2719 2713 ”

459 2795 930 2900 parte‘cavisse
963 2823 1246 2902 poetam,
1277 2833 1362 2878 ne
1408 2812 1532 2879 sibi
1562 2816 1751 2902 quasi
1776 2806 2095 2896 'demensa
2135 2816 2613 2904 responderent

460 2906 694 2983 similia
741 2921 1052 3007 ac'paria
1099 2918 1284 3007 (quid
1336 2921 1506 2984 enim
1552 2921 1828 3008 interest
1872 2921 2047 2985 inter
2104 2929 2610 3010 matrumque

457 3037 943 3116 patrumque
1006 3027 1352 3094 vulnera
1414 3031 1779 3095 etvivos·
1830 3027 2239 3104 dolores?)
2298 3039 2366 3094 et
2422 3030 2608 3116 sig'no

463 3143 578 3199 est
608 3136 954 3224 intercepti
1017 3137 1157 3224 ejus
1203 3135 1424 3219 verbi,
1472 3135 1649 3224 quod
1696 3136 1902 3201 alteri
1933 3135 2081 3201 illi:
2123 3137 2360 3223 potui
2418 3134 2615 3201 mul-

464 3259 646 3334 cere
675 3242 1192 3330 'praemunitum
1251 3242 1520 3307 videtur
1573 3241 1799 3308 fuisse?
1866 3247 1985 3310 lta
2033 3243 2339 3307 sentienti
2388 3241 2615 3309 suffra-

463 3328 732 3432 gantur
746 3347 896 3414 libri
942 3345 1152 3413 Rchd.
1200 3357 1288 3412 et
1295 3337 1489 3413 Parin
1513 3397 1534 3432 ,
1579 3350 1696 3436 qui
1722 3354 1971 3414 tenent
2014 3341 2337 3414 blando·
2390 3347 2614 3448 Quod

463 3463 536 3516 ut
583 3452 844 3520 difficile
905 3454 990 3519 ad
1051 3449 1538 3542 expediendum
1598 3464 1713 3520 est
1756 3477 1882 3544 quo
1944 3463 2153 3544 pacto
2169 3449 2613 3542 planissimae

460 3561 641 3624 vocis
667 3558 978 3626 blandus
1010 3547 1220 3625 locum
1256 3561 1697 3648 occupaverit,
1730 3563 1824 3626 ita
1865 3579 1995 3626 non
2030 3559 2315 3650 dubium
2330 3569 2395 3625 et
2426 3569 2615 3648 argsu-

463 3676 750 3730 mentum
785 3676 869 3731 et
885 3647 1346 3732 adminiculum
1381 3676 1477 3731 est
1509 3667 1903 3733 restituendi
1929 3691 2046 3733 vei
2050 3667 2113 3732 b1
2146 3643 2407 3756 pandi.
2470 3662 2615 3732 Hoc

461 3772 671 3860 ipsum
720 3771 892 3837 enim
939 3785 1058 3860 per
1106 3775 1540 3839 temeritatem
1589 3773 1842 3856 litteras
1895 3765 2099 3860 prave
2150 3769 2615 3864 appellantium

464 3876 827 3943 exolevisse
889 3878 1080 3943 docet
1137 3881 1538 3966 comparatio
1598 3902 1825 3944 eorum
1870 3879 2195 3965 locorum2
2254 3875 2350 3944 in²
2380 3875 2615 3966 quibus

463 3986 974 4050 controversiam
1022 3986 1319 4074 fecerunt
1365 3995 1431 4049 'et
1478 3984 1887 4051 laudabilis:
1947 3984 2311 4050 laetabilis·
2354 3983 2447 4073 (v.
2492 3980 2611 4073 33)

461 4098 528 4153 et
586 4088 920 4156 Parthe:
979 4091 1243 4157 Barce
1303 4087 1644 4157 Olau'dian.
1696 4092 1772 4156 B.
1824 4089 1996 4158 Gild.
2053 4093 2209 4174 159,
2270 4097 2610 4178 pacatus:

461 4195 853 4262 bacchatus
901 4195 1158 4286 aliaque
1203 4195 1412 4262 multa
1459 4195 1678 4286 (Anal.
1712 4196 1905 4284 Prop.
1940 4197 2021 4264 V.
2056 4223 2115 4286 p.
2153 4190 2259 4262 3'55
2330 4197 2610 4286 ‘Quaest

461 4301 546 4365 de
607 4303 890 4368 Tanusio
955 4303 1234 4370 Gemino
1295 4303 1400 4369 lV.
1451 4327 1511 4391 p.
1564 4303 1703 4393 28),
1754 4315 1819 4368 et
1874 4297 2259 4404 blandus:
2322 4295 2610 4392 pa‘ndus

463 4407 715 4498 (Heius.
769 4407 962 4475 Ovid.
1015 4410 1172 4476 Met.
1221 4409 1308 4475 X.
1343 4411 1466 4476 271
1520 4433 1580 4498 p.
1620 4409 1747 4476 709
1798 4419 1863 4475 et
1909 4411 2063 4477 Her.
2100 4409 2609 4499 XV111.··1·31··p.
