<?xml version="1.0" encoding="UTF-8"?>
<!DOCTYPE html PUBLIC "-//W3C//DTD XHTML 1.0 Transitional//EN"
    "http://www.w3.org/TR/xhtml1/DTD/xhtml1-transitional.dtd">
<html xmlns="http://www.w3.org/1999/xhtml" xml:lang="en" lang="en">
 <head>
  <title>
</title>
<meta http-equiv="Content-Type" content="text/html;charset=utf-8" />
  <meta name='ocr-system' content='tesseract 3.04.00' />
  <meta name='ocr-capabilities' content='ocr_page ocr_carea ocr_par ocr_line ocrx_word'/>
</head>
<body>
  <div class='ocr_page' id='page_1' title='image "./ppapiniistatiie00ungegoog_0132.png"; bbox 0 0 3234 4967; ppageno 0'>
   <div class='ocr_carea' id='block_1_1' title="bbox 582 314 1829 385">
    <p class='ocr_par' dir='ltr' id='par_1_1' title="bbox 582 314 1829 385">
     <span class='ocr_line' id='line_1_1' title="bbox 582 314 1829 385; baseline -0.012 1"><span class='ocrx_word' id='word_1_1' title='bbox 582 314 703 385; x_wconf 78' lang='lat'>¹24</span> <span class='ocrx_word' id='word_1_2' title='bbox 1486 320 1710 373; x_wconf 66' lang='lat' dir='ltr'>Adnue.</span> <span class='ocrx_word' id='word_1_3' title='bbox 1749 320 1829 371; x_wconf 76' lang='lat'>77.</span> 
     </span>
    </p>
   </div>
   <div class='ocr_carea' id='block_1_2' title="bbox 512 522 2803 3576">
    <p class='ocr_par' dir='ltr' id='par_1_2' title="bbox 512 522 2803 3576">
     <span class='ocr_line' id='line_1_2' title="bbox 577 522 2728 614; baseline -0.002 -23"><span class='ocrx_word' id='word_1_4' title='bbox 577 524 752 593; x_wconf 82' lang='lat' dir='ltr'><strong>dian.</strong></span> <span class='ocrx_word' id='word_1_5' title='bbox 772 526 955 593; x_wconf 83' lang='lat' dir='ltr'>Eutr.</span> <span class='ocrx_word' id='word_1_6' title='bbox 976 528 1050 593; x_wconf 82' lang='grc'>11.</span> <span class='ocrx_word' id='word_1_7' title='bbox 1076 526 1300 591; x_wconf 76' lang='lat' dir='ltr'>Praef:</span> <span class='ocrx_word' id='word_1_8' title='bbox 1326 524 1407 591; x_wconf 85' lang='lat'>51</span> <span class='ocrx_word' id='word_1_9' title='bbox 1425 549 1491 614; x_wconf 91' lang='lat' dir='ltr'>p.</span> <span class='ocrx_word' id='word_1_10' title='bbox 1504 526 1635 592; x_wconf 85' lang='lat'>313</span> <span class='ocrx_word' id='word_1_11' title='bbox 1651 525 2008 591; x_wconf 85' lang='lat' dir='ltr'>omiserunt</span> <span class='ocrx_word' id='word_1_12' title='bbox 2023 524 2338 591; x_wconf 79' lang='lat' dir='ltr'>Senecam</span> <span class='ocrx_word' id='word_1_13' title='bbox 2362 524 2560 589; x_wconf 85' lang='lat' dir='ltr'>Herc.</span> <span class='ocrx_word' id='word_1_14' title='bbox 2580 522 2728 591; x_wconf 88' lang='lat' dir='ltr'>Oet.</span> 
     </span>
     <span class='ocr_line' id='line_1_3' title="bbox 574 624 2724 721; baseline -0.002 -23"><span class='ocrx_word' id='word_1_15' title='bbox 574 630 617 698; x_wconf 91' lang='lat' dir='ltr'>l.</span> <span class='ocrx_word' id='word_1_16' title='bbox 646 630 743 697; x_wconf 84' lang='lat' dir='ltr'>d.:</span> <span class='ocrx_word' id='word_1_17' title='bbox 784 630 1203 720; x_wconf 87' lang='lat' dir='ltr'>Superosque</span> <span class='ocrx_word' id='word_1_18' title='bbox 1240 640 1305 696; x_wconf 89' lang='lat' dir='ltr'>et</span> <span class='ocrx_word' id='word_1_19' title='bbox 1338 632 1553 719; x_wconf 83' lang='lat' dir='ltr'>ipsum</span> <span class='ocrx_word' id='word_1_20' title='bbox 1605 629 1876 697; x_wconf 83' lang='lat' dir='ltr'><strong>vocibus</strong></span> <span class='ocrx_word' id='word_1_21' title='bbox 1927 628 2267 721; x_wconf 85' lang='lat' dir='ltr'><strong>pulsans</strong></span> <span class='ocrx_word' id='word_1_22' title='bbox 2312 629 2357 697; x_wconf 85' lang='lat' dir='ltr'>J</span> <span class='ocrx_word' id='word_1_23' title='bbox 2371 652 2599 695; x_wconf 85' lang='lat' dir='ltr'>ovem</span> <span class='ocrx_word' id='word_1_24' title='bbox 2647 624 2724 694; x_wconf 82' lang='lat' dir='ltr'>cf.</span> 
     </span>
     <span class='ocr_line' id='line_1_4' title="bbox 584 736 2730 827; baseline -0.002 -23"><span class='ocrx_word' id='word_1_25' title='bbox 584 736 767 804; x_wconf 85' lang='lat' dir='ltr'>Cort.</span> <span class='ocrx_word' id='word_1_26' title='bbox 796 736 1042 801; x_wconf 85' lang='lat' dir='ltr'><strong>Luca-n.</strong></span> <span class='ocrx_word' id='word_1_27' title='bbox 1067 736 1139 800; x_wconf 84' lang='lat' dir='ltr'>u.</span> <span class='ocrx_word' id='word_1_28' title='bbox 1166 736 1295 801; x_wconf 85' lang='lat'>466</span> <span class='ocrx_word' id='word_1_29' title='bbox 1322 760 1389 824; x_wconf 90' lang='lat' dir='ltr'>p.</span> <span class='ocrx_word' id='word_1_30' title='bbox 1412 736 1603 827; x_wconf 82' lang='lat'>267);</span> <span class='ocrx_word' id='word_1_31' title='bbox 1640 738 1740 802; x_wconf 83' lang='lat' dir='ltr'>sin</span> <span class='ocrx_word' id='word_1_32' title='bbox 1765 758 1924 802; x_wconf 82' lang='lat' dir='ltr'>vero</span> <span class='ocrx_word' id='word_1_33' title='bbox 1951 758 2176 802; x_wconf 86' lang='lat' dir='ltr'>vocem</span> <span class='ocrx_word' id='word_1_34' title='bbox 2213 737 2514 825; x_wconf 84' lang='lat' dir='ltr'><strong>injusta</strong></span> <span class='ocrx_word' id='word_1_35' title='bbox 2535 738 2730 800; x_wconf 79' lang='lat' dir='ltr'>inter—</span> 
     </span>
     <span class='ocr_line' id='line_1_5' title="bbox 583 842 2730 931; baseline -0.001 -24"><span class='ocrx_word' id='word_1_36' title='bbox 583 851 845 931; x_wconf 85' lang='lat' dir='ltr'>pretere</span> <span class='ocrx_word' id='word_1_37' title='bbox 884 842 1137 930; x_wconf 86' lang='lat' dir='ltr'>superis</span> <span class='ocrx_word' id='word_1_38' title='bbox 1161 864 1291 907; x_wconf 87' lang='lat' dir='ltr'>non</span> <span class='ocrx_word' id='word_1_39' title='bbox 1310 842 1543 930; x_wconf 69' lang='lat' dir='ltr'><strong>minus,</strong></span> <span class='ocrx_word' id='word_1_40' title='bbox 1582 864 1780 930; x_wconf 88' lang='lat' dir='ltr'>quam</span> <span class='ocrx_word' id='word_1_41' title='bbox 1801 842 2098 910; x_wconf 81' lang='lat' dir='ltr'><strong>Tartaris</strong></span> <span class='ocrx_word' id='word_1_42' title='bbox 2121 842 2372 923; x_wconf 82' lang='lat' dir='ltr'>referri,</span> <span class='ocrx_word' id='word_1_43' title='bbox 2409 863 2575 929; x_wconf 86' lang='lat' dir='ltr'>quae</span> <span class='ocrx_word' id='word_1_44' title='bbox 2589 842 2730 929; x_wconf 85' lang='lat' dir='ltr'>jam</span> 
     </span>
     <span class='ocr_line' id='line_1_6' title="bbox 512 945 2728 1037; baseline -0.001 -24"><span class='ocrx_word' id='word_1_45' title='bbox 512 979 517 985; x_wconf 91' lang='lat'>·</span> <span class='ocrx_word' id='word_1_46' title='bbox 582 947 943 1015; x_wconf 82' lang='lat' dir='ltr'><strong>excusandi</strong></span> <span class='ocrx_word' id='word_1_47' title='bbox 966 946 1127 1014; x_wconf 86' lang='lat' dir='ltr'><strong>illud</strong></span> <span class='ocrx_word' id='word_1_48' title='bbox 1161 948 1387 1035; x_wconf 83' lang='lat' dir='ltr'>ipsos</span> <span class='ocrx_word' id='word_1_49' title='bbox 1421 948 1781 1037; x_wconf 84' lang='lat' dir='ltr'><strong>injustos</strong></span> <span class='ocrx_word' id='word_1_50' title='bbox 1821 971 2164 1037; x_wconf 86' lang='lat' dir='ltr'>superos</span> <span class='ocrx_word' id='word_1_51' title='bbox 2191 949 2316 1013; x_wconf 90' lang='lat' dir='ltr'>erit</span> <span class='ocrx_word' id='word_1_52' title='bbox 2339 947 2559 1013; x_wconf 79' lang='lat' dir='ltr'>ratio?</span> <span class='ocrx_word' id='word_1_53' title='bbox 2606 945 2728 1011; x_wconf 88' lang='lat' dir='ltr'>Ac-</span> 
     </span>
     <span class='ocr_line' id='line_1_7' title="bbox 578 1053 2728 1143; baseline -0 -25"><span class='ocrx_word' id='word_1_54' title='bbox 578 1053 777 1137; x_wconf 82' lang='lat' dir='ltr'>cedit,</span> <span class='ocrx_word' id='word_1_55' title='bbox 802 1053 977 1141; x_wconf 83' lang='lat' dir='ltr'><strong>quod</strong></span> <span class='ocrx_word' id='word_1_56' title='bbox 1000 1054 1267 1142; x_wconf 84' lang='lat' dir='ltr'>proprie</span> <span class='ocrx_word' id='word_1_57' title='bbox 1292 1061 1359 1118; x_wconf 85' lang='lat' dir='ltr'>et</span> <span class='ocrx_word' id='word_1_58' title='bbox 1384 1053 1828 1139; x_wconf 82' lang='lat' dir='ltr'>significanter</span> <span class='ocrx_word' id='word_1_59' title='bbox 1851 1076 1892 1119; x_wconf 89' lang='lat' dir='ltr'><strong>a</strong></span> <span class='ocrx_word' id='word_1_60' title='bbox 1910 1062 2110 1143; x_wconf 83' lang='lat' dir='ltr'>poeta</span> <span class='ocrx_word' id='word_1_61' title='bbox 2132 1075 2289 1136; x_wconf 86' lang='lat' dir='ltr'>rem,</span> <span class='ocrx_word' id='word_1_62' title='bbox 2316 1074 2480 1141; x_wconf 82' lang='lat' dir='ltr'><strong>quac</strong></span> <span class='ocrx_word' id='word_1_63' title='bbox 2507 1074 2728 1139; x_wconf 85' lang='lat' dir='ltr'>agere-</span> 
     </span>
     <span class='ocr_line' id='line_1_8' title="bbox 582 1156 2727 1248; baseline 0 -25"><span class='ocrx_word' id='word_1_64' title='bbox 582 1168 710 1242; x_wconf 85' lang='lat' dir='ltr'><strong>tur,</strong></span> <span class='ocrx_word' id='word_1_65' title='bbox 744 1159 1025 1246; x_wconf 82' lang='lat' dir='ltr'>proferri</span> <span class='ocrx_word' id='word_1_66' title='bbox 1058 1168 1125 1223; x_wconf 88' lang='lat' dir='ltr'>et</span> <span class='ocrx_word' id='word_1_67' title='bbox 1152 1156 1431 1223; x_wconf 88' lang='lat' dir='ltr'>indicari</span> <span class='ocrx_word' id='word_1_68' title='bbox 1466 1158 1783 1248; x_wconf 88' lang='lat' dir='ltr'>oportuit:</span> <span class='ocrx_word' id='word_1_69' title='bbox 1817 1160 1886 1223; x_wconf 86' lang='lat' dir='ltr'>in</span> <span class='ocrx_word' id='word_1_70' title='bbox 1915 1160 2134 1225; x_wconf 84' lang='lat' dir='ltr'><strong>varias</strong></span> <span class='ocrx_word' id='word_1_71' title='bbox 2167 1160 2338 1225; x_wconf 87' lang='lat' dir='ltr'>enim</span> <span class='ocrx_word' id='word_1_72' title='bbox 2373 1159 2727 1224; x_wconf 80' lang='lat' dir='ltr'>sententias</span> 
     </span>
     <span class='ocr_line' id='line_1_9' title="bbox 581 1262 2728 1353; baseline 0 -25"><span class='ocrx_word' id='word_1_73' title='bbox 581 1264 913 1330; x_wconf 79' lang='lat' dir='ltr'><strong>diducitur</strong></span> <span class='ocrx_word' id='word_1_74' title='bbox 936 1288 1071 1331; x_wconf 83' lang='lat' dir='ltr'>vox</span> <span class='ocrx_word' id='word_1_75' title='bbox 1103 1262 1509 1330; x_wconf 85' lang='lat' dir='ltr'><strong>horridus.</strong></span> <span class='ocrx_word' id='word_1_76' title='bbox 1567 1266 1790 1353; x_wconf 86' lang='lat' dir='ltr'>ltaque</span> <span class='ocrx_word' id='word_1_77' title='bbox 1825 1288 2020 1353; x_wconf 87' lang='lat' dir='ltr'>quum</span> <span class='ocrx_word' id='word_1_78' title='bbox 2047 1265 2130 1331; x_wconf 89' lang='lat' dir='ltr'>ab</span> <span class='ocrx_word' id='word_1_79' title='bbox 2157 1264 2452 1331; x_wconf 78' lang='lat' dir='ltr'>hocloco</span> <span class='ocrx_word' id='word_1_80' title='bbox 2477 1264 2728 1331; x_wconf 76' lang='lat' dir='ltr'>alienia-</span> 
     </span>
     <span class='ocr_line' id='line_1_10' title="bbox 581 1369 2727 1460; baseline -0.001 -24"><span class='ocrx_word' id='word_1_81' title='bbox 581 1372 813 1437; x_wconf 80' lang='lat' dir='ltr'>simum</span> <span class='ocrx_word' id='word_1_82' title='bbox 850 1371 933 1437; x_wconf 86' lang='lat' dir='ltr'>sit</span> <span class='ocrx_word' id='word_1_83' title='bbox 970 1371 1187 1436; x_wconf 86' lang='lat' dir='ltr'>animo</span> <span class='ocrx_word' id='word_1_84' title='bbox 1210 1371 1548 1437; x_wconf 79' lang='lat' dir='ltr'>informari</span> <span class='ocrx_word' id='word_1_85' title='bbox 1574 1379 1688 1437; x_wconf 83' lang='lat' dir='ltr'>aut</span> <span class='ocrx_word' id='word_1_86' title='bbox 1711 1370 1913 1439; x_wconf 81' lang='lat' dir='ltr'>recoli</span> <span class='ocrx_word' id='word_1_87' title='bbox 1935 1381 2198 1460; x_wconf 85' lang='lat' dir='ltr'>poetam</span> <span class='ocrx_word' id='word_1_88' title='bbox 2225 1369 2469 1437; x_wconf 82' lang='lat' dir='ltr'>ferali</span> <span class='ocrx_word' id='word_1_89' title='bbox 2500 1369 2652 1437; x_wconf 86' lang='lat' dir='ltr'>hab</span> <span class='ocrx_word' id='word_1_90' title='bbox 2669 1371 2689 1434; x_wconf 88' lang='lat' dir='ltr'>i</span> <span class='ocrx_word' id='word_1_91' title='bbox 2707 1408 2727 1420; x_wconf 89' lang='lat'><em>-</em></span> 
     </span>
     <span class='ocr_line' id='line_1_11' title="bbox 580 1476 2725 1569; baseline 0 -27"><span class='ocrx_word' id='word_1_92' title='bbox 580 1487 689 1560; x_wconf 86' lang='lat' dir='ltr'>tu,</span> <span class='ocrx_word' id='word_1_93' title='bbox 738 1487 811 1543; x_wconf 88' lang='lat' dir='ltr'>ut</span> <span class='ocrx_word' id='word_1_94' title='bbox 854 1477 1138 1542; x_wconf 77' lang='lat' dir='ltr'>diximus</span> <span class='ocrx_word' id='word_1_95' title='bbox 1185 1501 1249 1541; x_wconf 89' lang='lat' dir='ltr'>v.</span> <span class='ocrx_word' id='word_1_96' title='bbox 1296 1476 1404 1560; x_wconf 82' lang='lat'>35,</span> <span class='ocrx_word' id='word_1_97' title='bbox 1452 1477 1918 1544; x_wconf 83' lang='lat' dir='ltr'>horrentem</span> <span class='ocrx_word' id='word_1_98' title='bbox 1964 1477 2076 1569; x_wconf 82' lang='lat' dir='ltr'>(cf.</span> <span class='ocrx_word' id='word_1_99' title='bbox 2120 1478 2496 1545; x_wconf 81' lang='lat' dir='ltr'>Germanic.</span> <span class='ocrx_word' id='word_1_100' title='bbox 2537 1476 2725 1543; x_wconf 82' lang='lat' dir='ltr'>Arat.</span> 
     </span>
     <span class='ocr_line' id='line_1_12' title="bbox 578 1581 2727 1667; baseline 0 -18"><span class='ocrx_word' id='word_1_101' title='bbox 578 1583 824 1652; x_wconf 86' lang='lat' dir='ltr'>Phaen.</span> <span class='ocrx_word' id='word_1_102' title='bbox 865 1583 1023 1666; x_wconf 22' lang='lat'>‘1972</span> <span class='ocrx_word' id='word_1_103' title='bbox 1061 1581 1330 1649; x_wconf 82' lang='lat' dir='ltr'><strong>horrida</strong></span> <span class='ocrx_word' id='word_1_104' title='bbox 1367 1582 1620 1648; x_wconf 85' lang='lat' dir='ltr'>vultu.</span> <span class='ocrx_word' id='word_1_105' title='bbox 1689 1584 1854 1650; x_wconf 79' lang='lat' dir='ltr'>Stat.</span> <span class='ocrx_word' id='word_1_106' title='bbox 1892 1583 2225 1667; x_wconf 84' lang='lat' dir='ltr'><strong>Silv.11.l‚</strong></span> <span class='ocrx_word' id='word_1_107' title='bbox 2257 1582 2727 1651; x_wconf 76' lang='lat' dir='ltr'><strong>1692ba1·ba·</strong></span> 
     </span>
     <span class='ocr_line' id='line_1_13' title="bbox 580 1688 2726 1767; baseline -0.001 -11"><span class='ocrx_word' id='word_1_108' title='bbox 580 1712 715 1756; x_wconf 89' lang='lat' dir='ltr'>rus</span> <span class='ocrx_word' id='word_1_109' title='bbox 745 1689 997 1756; x_wconf 86' lang='lat' dir='ltr'>horror.</span> <span class='ocrx_word' id='word_1_110' title='bbox 1066 1688 1273 1754; x_wconf 88' lang='lat' dir='ltr'>Theb.</span> <span class='ocrx_word' id='word_1_111' title='bbox 1307 1688 1588 1766; x_wconf 30' lang='lat' dir='ltr'><strong>V.-602:</strong></span> <span class='ocrx_word' id='word_1_112' title='bbox 1639 1689 1973 1755; x_wconf 86' lang='lat' dir='ltr'><strong>horrida</strong></span> <span class='ocrx_word' id='word_1_113' title='bbox 2015 1700 2266 1767; x_wconf 80' lang='lat' dir='ltr'>moesto</span> <span class='ocrx_word' id='word_1_114' title='bbox 2300 1690 2575 1756; x_wconf 76' lang='lat' dir='ltr'><strong>Excutit</strong></span> <span class='ocrx_word' id='word_1_115' title='bbox 2615 1711 2726 1755; x_wconf 89' lang='lat' dir='ltr'>ore</span> 
     </span>
     <span class='ocr_line' id='line_1_14' title="bbox 582 1792 2726 1883; baseline 0 -23"><span class='ocrx_word' id='word_1_116' title='bbox 582 1794 817 1861; x_wconf 77' lang='lat' dir='ltr'>cibos“</span> <span class='ocrx_word' id='word_1_117' title='bbox 876 1793 945 1859; x_wconf 84' lang='lat' dir='ltr'>id</span> <span class='ocrx_word' id='word_1_118' title='bbox 995 1802 1095 1858; x_wconf 78' lang='lat' dir='ltr'>est</span> <span class='ocrx_word' id='word_1_119' title='bbox 1150 1793 1599 1876; x_wconf 83' lang='lat' dir='ltr'><strong>„conturbans</strong></span> <span class='ocrx_word' id='word_1_120' title='bbox 1645 1793 1959 1881; x_wconf 85' lang='lat' dir='ltr'>plumas“</span> <span class='ocrx_word' id='word_1_121' title='bbox 2009 1792 2147 1861; x_wconf 85' lang='lat' dir='ltr'>Vct.</span> <span class='ocrx_word' id='word_1_122' title='bbox 2197 1794 2406 1862; x_wconf 85' lang='lat' dir='ltr'>Schol.</span> <span class='ocrx_word' id='word_1_123' title='bbox 2455 1818 2520 1883; x_wconf 91' lang='lat' dir='ltr'>p.</span> <span class='ocrx_word' id='word_1_124' title='bbox 2573 1796 2726 1861; x_wconf 80' lang='lat'><strong>281.</strong></span> 
     </span>
     <span class='ocr_line' id='line_1_15' title="bbox 584 1898 2730 1987; baseline 0.001 -23"><span class='ocrx_word' id='word_1_125' title='bbox 584 1901 699 1966; x_wconf 79' lang='lat' dir='ltr'>IX.</span> <span class='ocrx_word' id='word_1_126' title='bbox 734 1898 901 1965; x_wconf 84' lang='lat'>354:</span> <span class='ocrx_word' id='word_1_127' title='bbox 951 1898 1216 1986; x_wconf 85' lang='lat' dir='ltr'><strong>Oraque</strong></span> <span class='ocrx_word' id='word_1_128' title='bbox 1264 1907 1664 1987; x_wconf 77' lang='lat' dir='ltr'>pectoraque</span> <span class='ocrx_word' id='word_1_129' title='bbox 1713 1909 1780 1965; x_wconf 90' lang='lat' dir='ltr'>et</span> <span class='ocrx_word' id='word_1_130' title='bbox 1823 1901 2102 1967; x_wconf 87' lang='lat' dir='ltr'>viridem</span> <span class='ocrx_word' id='word_1_131' title='bbox 2149 1902 2342 1968; x_wconf 78' lang='lat' dir='ltr'>scidit</span> <span class='ocrx_word' id='word_1_132' title='bbox 2387 1900 2730 1967; x_wconf 82' lang='lat' dir='ltr'>horrida</span> 
     </span>
     <span class='ocr_line' id='line_1_16' title="bbox 583 2002 2729 2096; baseline 0.001 -25"><span class='ocrx_word' id='word_1_133' title='bbox 583 2016 835 2071; x_wconf 83' lang='lat' dir='ltr'>vestem</span> <span class='ocrx_word' id='word_1_134' title='bbox 882 2004 964 2070; x_wconf 83' lang='lat' dir='ltr'>cf.</span> <span class='ocrx_word' id='word_1_135' title='bbox 1011 2002 1188 2077; x_wconf 81' lang='lat' dir='ltr'><strong>Bari,</strong></span> <span class='ocrx_word' id='word_1_136' title='bbox 1235 2003 1500 2070; x_wconf 90' lang='lat' dir='ltr'>Heroic.</span> <span class='ocrx_word' id='word_1_137' title='bbox 1548 2004 1595 2073; x_wconf 88' lang='grc' dir='ltr'><strong>Ι.</strong></span> <span class='ocrx_word' id='word_1_138' title='bbox 1645 2030 1707 2095; x_wconf 89' lang='lat' dir='ltr'>p.</span> <span class='ocrx_word' id='word_1_139' title='bbox 1756 2007 1875 2071; x_wconf 84' lang='lat'>91:</span> <span class='ocrx_word' id='word_1_140' title='bbox 1923 2007 2235 2096; x_wconf 81' lang='lat' dir='ltr'>vittisque</span> <span class='ocrx_word' id='word_1_141' title='bbox 2285 2005 2514 2073; x_wconf 85' lang='lat' dir='ltr'><strong>solutis</strong></span> <span class='ocrx_word' id='word_1_142' title='bbox 2565 2008 2729 2073; x_wconf 88' lang='lat' dir='ltr'><strong>Hor-</strong></span> 
     </span>
     <span class='ocr_line' id='line_1_17' title="bbox 582 2108 2728 2199; baseline 0 -22"><span class='ocrx_word' id='word_1_143' title='bbox 582 2111 803 2178; x_wconf 84' lang='lat' dir='ltr'><strong>rida.“</strong></span> <span class='ocrx_word' id='word_1_144' title='bbox 912 2110 1184 2193; x_wconf 77' lang='lat' dir='ltr'>Quintil.</span> <span class='ocrx_word' id='word_1_145' title='bbox 1230 2108 1418 2175; x_wconf 87' lang='lat' dir='ltr'>Decl.</span> <span class='ocrx_word' id='word_1_146' title='bbox 1466 2111 1569 2176; x_wconf 86' lang='lat'>111.</span> <span class='ocrx_word' id='word_1_147' title='bbox 1625 2113 1706 2176; x_wconf 79' lang='lat'>12</span> <span class='ocrx_word' id='word_1_148' title='bbox 1751 2134 1814 2199; x_wconf 93' lang='lat' dir='ltr'>p.</span> <span class='ocrx_word' id='word_1_149' title='bbox 1865 2112 1979 2177; x_wconf 85' lang='lat'>69:</span> <span class='ocrx_word' id='word_1_150' title='bbox 2039 2114 2249 2179; x_wconf 87' lang='lat' dir='ltr'>virum</span> <span class='ocrx_word' id='word_1_151' title='bbox 2297 2113 2538 2179; x_wconf 85' lang='lat' dir='ltr'>Martio</span> <span class='ocrx_word' id='word_1_152' title='bbox 2601 2113 2728 2178; x_wconf 85' lang='lat' dir='ltr'>ha·</span> 
     </span>
     <span class='ocr_line' id='line_1_18' title="bbox 583 2214 2727 2305; baseline 0 -21"><span class='ocrx_word' id='word_1_153' title='bbox 583 2218 762 2284; x_wconf 83' lang='lat' dir='ltr'>bitu</span> <span class='ocrx_word' id='word_1_154' title='bbox 806 2214 1367 2305; x_wconf 85' lang='lat' dir='ltr'>horrentem“)</span> <span class='ocrx_word' id='word_1_155' title='bbox 1387 2264 1405 2298; x_wconf 92' lang='lat'><em>,</em></span> <span class='ocrx_word' id='word_1_156' title='bbox 1454 2217 2112 2303; x_wconf 82' lang='lat' dir='ltr'>congruentissimum</span> <span class='ocrx_word' id='word_1_157' title='bbox 2141 2220 2446 2285; x_wconf 84' lang='lat' dir='ltr'><strong>carminis</strong></span> <span class='ocrx_word' id='word_1_158' title='bbox 2479 2220 2727 2285; x_wconf 80' lang='lat' dir='ltr'>formae</span> 
     </span>
     <span class='ocr_line' id='line_1_19' title="bbox 582 2322 2728 2412; baseline 0 -21"><span class='ocrx_word' id='word_1_159' title='bbox 582 2324 837 2391; x_wconf 82' lang='lat' dir='ltr'><strong>narrari</strong></span> <span class='ocrx_word' id='word_1_160' title='bbox 896 2322 1055 2388; x_wconf 85' lang='lat' dir='ltr'>deos</span> <span class='ocrx_word' id='word_1_161' title='bbox 1113 2323 1445 2387; x_wconf 76' lang='lat' dir='ltr'>incusatos</span> <span class='ocrx_word' id='word_1_162' title='bbox 1502 2322 1778 2389; x_wconf 82' lang='lat' dir='ltr'>verbis</span> <span class='ocrx_word' id='word_1_163' title='bbox 1836 2322 2197 2389; x_wconf 80' lang='lat' dir='ltr'>horridis</span> <span class='ocrx_word' id='word_1_164' title='bbox 2255 2323 2432 2412; x_wconf 87' lang='lat' dir='ltr'><strong>(Tib.</strong></span> <span class='ocrx_word' id='word_1_165' title='bbox 2483 2325 2524 2388; x_wconf 83' lang='grc' dir='ltr'><strong>Ι.</strong></span> <span class='ocrx_word' id='word_1_166' title='bbox 2575 2326 2637 2409; x_wconf 84' lang='lat'>5,</span> <span class='ocrx_word' id='word_1_167' title='bbox 2687 2328 2728 2391; x_wconf 83' lang='lat'>6</span> 
     </span>
     <span class='ocr_line' id='line_1_20' title="bbox 581 2426 2728 2516; baseline 0.001 -21"><span class='ocrx_word' id='word_1_168' title='bbox 581 2430 651 2497; x_wconf 89' lang='lat' dir='ltr'>id</span> <span class='ocrx_word' id='word_1_169' title='bbox 699 2439 799 2495; x_wconf 83' lang='lat' dir='ltr'>est</span> <span class='ocrx_word' id='word_1_170' title='bbox 844 2478 885 2513; x_wconf 85' lang='lat'>,‚</span> <span class='ocrx_word' id='word_1_171' title='bbox 903 2428 1174 2516; x_wconf 82' lang='lat' dir='ltr'>asperis,</span> <span class='ocrx_word' id='word_1_172' title='bbox 1220 2427 1603 2493; x_wconf 79' lang='lat' dir='ltr'>ferocibus“</span> <span class='ocrx_word' id='word_1_173' title='bbox 1648 2426 1824 2494; x_wconf 85' lang='lat' dir='ltr'><strong>Diss.</strong></span> <span class='ocrx_word' id='word_1_174' title='bbox 1859 2452 1922 2515; x_wconf 88' lang='lat' dir='ltr'>p.</span> <span class='ocrx_word' id='word_1_175' title='bbox 1962 2430 2084 2493; x_wconf 88' lang='lat'>111</span> <span class='ocrx_word' id='word_1_176' title='bbox 2121 2431 2203 2497; x_wconf 82' lang='lat' dir='ltr'>cf.</span> <span class='ocrx_word' id='word_1_177' title='bbox 2239 2430 2510 2513; x_wconf 78' lang='lat' dir='ltr'>Quintil.</span> <span class='ocrx_word' id='word_1_178' title='bbox 2542 2430 2728 2497; x_wconf 88' lang='lat' dir='ltr'>Decl.</span> 
     </span>
     <span class='ocr_line' id='line_1_21' title="bbox 582 2533 2730 2625; baseline 0.001 -25"><span class='ocrx_word' id='word_1_179' title='bbox 582 2537 671 2602; x_wconf 88' lang='lat' dir='ltr'>X.</span> <span class='ocrx_word' id='word_1_180' title='bbox 708 2537 743 2600; x_wconf 83' lang='lat'>7</span> <span class='ocrx_word' id='word_1_181' title='bbox 778 2559 841 2623; x_wconf 90' lang='lat' dir='ltr'>p.</span> <span class='ocrx_word' id='word_1_182' title='bbox 878 2536 1043 2599; x_wconf 83' lang='lat'>219:</span> <span class='ocrx_word' id='word_1_183' title='bbox 1090 2533 1616 2599; x_wconf 82' lang='lat' dir='ltr'>horrentibus</span> <span class='ocrx_word' id='word_1_184' title='bbox 1666 2534 1938 2601; x_wconf 78' lang='lat' dir='ltr'>verbis</span> <span class='ocrx_word' id='word_1_185' title='bbox 1984 2558 2154 2601; x_wconf 88' lang='lat' dir='ltr'><strong>urna</strong></span> <span class='ocrx_word' id='word_1_186' title='bbox 2192 2536 2730 2625; x_wconf 85' lang='lat' dir='ltr'>praecluditur,“</span> 
     </span>
     <span class='ocr_line' id='line_1_22' title="bbox 584 2638 2803 2732; baseline 0.001 -25"><span class='ocrx_word' id='word_1_187' title='bbox 584 2664 777 2729; x_wconf 85' lang='lat' dir='ltr'>quem</span> <span class='ocrx_word' id='word_1_188' title='bbox 824 2640 1039 2705; x_wconf 87' lang='lat' dir='ltr'>locum</span> <span class='ocrx_word' id='word_1_189' title='bbox 1087 2664 1127 2705; x_wconf 87' lang='lat' dir='ltr'><strong>a</strong></span> <span class='ocrx_word' id='word_1_190' title='bbox 1170 2640 1551 2705; x_wconf 86' lang='lat' dir='ltr'><strong>Burmanno</strong></span> <span class='ocrx_word' id='word_1_191' title='bbox 1597 2638 1863 2707; x_wconf 88' lang='lat' dir='ltr'>Petron.</span> <span class='ocrx_word' id='word_1_192' title='bbox 1911 2641 1996 2706; x_wconf 84' lang='lat'>99</span> <span class='ocrx_word' id='word_1_193' title='bbox 2043 2665 2106 2730; x_wconf 91' lang='lat' dir='ltr'>p.</span> <span class='ocrx_word' id='word_1_194' title='bbox 2154 2641 2283 2707; x_wconf 82' lang='lat'>607</span> <span class='ocrx_word' id='word_1_195' title='bbox 2333 2642 2730 2732; x_wconf 82' lang='lat' dir='ltr'>explicatum</span> <span class='ocrx_word' id='word_1_196' title='bbox 2799 2669 2803 2673; x_wconf 91' lang='lat'>·</span> 
     </span>
     <span class='ocr_line' id='line_1_23' title="bbox 584 2744 2729 2837; baseline 0.002 -26"><span class='ocrx_word' id='word_1_197' title='bbox 584 2768 717 2811; x_wconf 85' lang='lat' dir='ltr'>non</span> <span class='ocrx_word' id='word_1_198' title='bbox 776 2746 1158 2811; x_wconf 82' lang='lat' dir='ltr'>recordatus</span> <span class='ocrx_word' id='word_1_199' title='bbox 1218 2754 1319 2810; x_wconf 84' lang='lat' dir='ltr'>est</span> <span class='ocrx_word' id='word_1_200' title='bbox 1374 2744 1870 2833; x_wconf 84' lang='lat' dir='ltr'>Peerlkampius</span> <span class='ocrx_word' id='word_1_201' title='bbox 1932 2746 2114 2833; x_wconf 85' lang='lat' dir='ltr'>Virg.</span> <span class='ocrx_word' id='word_1_202' title='bbox 2176 2747 2343 2813; x_wconf 90' lang='lat' dir='ltr'>Aen.</span> <span class='ocrx_word' id='word_1_203' title='bbox 2401 2748 2448 2811; x_wconf 83' lang='grc' dir='ltr'><strong>Ι.</strong></span> <span class='ocrx_word' id='word_1_204' title='bbox 2507 2771 2572 2836; x_wconf 88' lang='lat' dir='ltr'>p.</span> <span class='ocrx_word' id='word_1_205' title='bbox 2637 2748 2729 2837; x_wconf 85' lang='lat'>7),</span> 
     </span>
     <span class='ocr_line' id='line_1_24' title="bbox 583 2851 2730 2942; baseline 0.001 -25"><span class='ocrx_word' id='word_1_206' title='bbox 583 2874 693 2919; x_wconf 83' lang='lat' dir='ltr'>res</span> <span class='ocrx_word' id='word_1_207' title='bbox 737 2852 885 2940; x_wconf 86' lang='lat' dir='ltr'>ipsa</span> <span class='ocrx_word' id='word_1_208' title='bbox 928 2852 1249 2934; x_wconf 81' lang='lat' dir='ltr'>hortatur,</span> <span class='ocrx_word' id='word_1_209' title='bbox 1298 2860 1373 2915; x_wconf 89' lang='lat' dir='ltr'>ut</span> <span class='ocrx_word' id='word_1_210' title='bbox 1415 2851 1711 2915; x_wconf 84' lang='lat' dir='ltr'><strong>insaniae</strong></span> <span class='ocrx_word' id='word_1_211' title='bbox 1755 2860 1822 2916; x_wconf 93' lang='lat' dir='ltr'>et</span> <span class='ocrx_word' id='word_1_212' title='bbox 1868 2852 2075 2936; x_wconf 80' lang='lat' dir='ltr'>irae,</span> <span class='ocrx_word' id='word_1_213' title='bbox 2124 2876 2256 2942; x_wconf 87' lang='lat' dir='ltr'>qua</span> <span class='ocrx_word' id='word_1_214' title='bbox 2285 2855 2628 2920; x_wconf 84' lang='lat' dir='ltr'>efferatum</span> <span class='ocrx_word' id='word_1_215' title='bbox 2661 2876 2730 2919; x_wconf 86' lang='lat' dir='ltr'>se</span> 
     </span>
     <span class='ocr_line' id='line_1_25' title="bbox 588 2956 2731 3049; baseline 0 -24"><span class='ocrx_word' id='word_1_216' title='bbox 588 2959 927 3026; x_wconf 83' lang='lat' dir='ltr'><strong>confessus</strong></span> <span class='ocrx_word' id='word_1_217' title='bbox 972 2966 1073 3023; x_wconf 79' lang='lat' dir='ltr'>est</span> <span class='ocrx_word' id='word_1_218' title='bbox 1118 2956 1363 3023; x_wconf 76' lang='lat' dir='ltr'><strong>Statius</strong></span> <span class='ocrx_word' id='word_1_219' title='bbox 1410 2980 1474 3021; x_wconf 87' lang='lat' dir='ltr'>v.</span> <span class='ocrx_word' id='word_1_220' title='bbox 1522 2958 1629 3021; x_wconf 77' lang='lat'>27.</span> <span class='ocrx_word' id='word_1_221' title='bbox 1691 2958 1796 3040; x_wconf 82' lang='lat'>23,</span> <span class='ocrx_word' id='word_1_222' title='bbox 1862 2960 2177 3024; x_wconf 87' lang='lat' dir='ltr'>memoria</span> <span class='ocrx_word' id='word_1_223' title='bbox 2220 2958 2348 3025; x_wconf 88' lang='lat' dir='ltr'>huc</span> <span class='ocrx_word' id='word_1_224' title='bbox 2393 2968 2731 3049; x_wconf 86' lang='lat' dir='ltr'>repetatur</span> 
     </span>
     <span class='ocr_line' id='line_1_26' title="bbox 584 3061 2732 3153; baseline 0 -22"><span class='ocrx_word' id='word_1_225' title='bbox 584 3065 1029 3153; x_wconf 86' lang='lat' dir='ltr'>inferaturque</span> <span class='ocrx_word' id='word_1_226' title='bbox 1078 3064 1279 3129; x_wconf 81' lang='lat' dir='ltr'><strong>antis</strong></span> <span class='ocrx_word' id='word_1_227' title='bbox 1327 3061 1589 3128; x_wconf 84' lang='lat' dir='ltr'>dicendi</span> <span class='ocrx_word' id='word_1_228' title='bbox 1633 3062 1897 3146; x_wconf 87' lang='lat' dir='ltr'><strong>modus,</strong></span> <span class='ocrx_word' id='word_1_229' title='bbox 1947 3087 2074 3152; x_wconf 88' lang='lat' dir='ltr'>quo</span> <span class='ocrx_word' id='word_1_230' title='bbox 2121 3066 2223 3130; x_wconf 86' lang='lat' dir='ltr'>usi</span> <span class='ocrx_word' id='word_1_231' title='bbox 2269 3074 2422 3131; x_wconf 89' lang='lat' dir='ltr'>sunt</span> <span class='ocrx_word' id='word_1_232' title='bbox 2452 3064 2732 3133; x_wconf 82' lang='lat' dir='ltr'>Ovidius</span> 
     </span>
     <span class='ocr_line' id='line_1_27' title="bbox 586 3158 2732 3255; baseline 0 -19"><span class='ocrx_word' id='word_1_233' title='bbox 586 3171 747 3237; x_wconf 88' lang='lat' dir='ltr'>Met.</span> <span class='ocrx_word' id='word_1_234' title='bbox 779 3158 892 3235; x_wconf 80' lang='lat' dir='ltr'><strong>V&#39;l.</strong></span> <span class='ocrx_word' id='word_1_235' title='bbox 928 3168 1087 3235; x_wconf 81' lang='lat'>685:</span> <span class='ocrx_word' id='word_1_236' title='bbox 1134 3168 1248 3235; x_wconf 90' lang='lat' dir='ltr'>ubi</span> <span class='ocrx_word' id='word_1_237' title='bbox 1278 3168 1615 3235; x_wconf 83' lang='lat' dir='ltr'>blanditiis</span> <span class='ocrx_word' id='word_1_238' title='bbox 1647 3169 1868 3255; x_wconf 86' lang='lat' dir='ltr'><strong>agitur</strong></span> <span class='ocrx_word' id='word_1_239' title='bbox 1911 3168 2092 3255; x_wconf 85' lang='lat' dir='ltr'><strong>nihil,</strong></span> <span class='ocrx_word' id='word_1_240' title='bbox 2139 3169 2508 3237; x_wconf 84' lang='lat' dir='ltr'><strong>horridus</strong></span> <span class='ocrx_word' id='word_1_241' title='bbox 2552 3173 2732 3237; x_wconf 85' lang='lat' dir='ltr'>ira“</span> 
     </span>
     <span class='ocr_line' id='line_1_28' title="bbox 587 3273 2728 3366; baseline 0 -25"><span class='ocrx_word' id='word_1_242' title='bbox 587 3285 657 3341; x_wconf 87' lang='lat' dir='ltr'>et</span> <span class='ocrx_word' id='word_1_243' title='bbox 700 3274 1029 3366; x_wconf 86' lang='lat' dir='ltr'>Corippus</span> <span class='ocrx_word' id='word_1_244' title='bbox 1084 3275 1193 3341; x_wconf 86' lang='lat' dir='ltr'>Jo.</span> <span class='ocrx_word' id='word_1_245' title='bbox 1256 3275 1329 3339; x_wconf 84' lang='grc' dir='ltr'><strong>ΙΙ.</strong></span> <span class='ocrx_word' id='word_1_246' title='bbox 1386 3273 1552 3339; x_wconf 78' lang='lat'>466:</span> <span class='ocrx_word' id='word_1_247' title='bbox 1613 3276 1680 3339; x_wconf 87' lang='lat' dir='ltr'>it</span> <span class='ocrx_word' id='word_1_248' title='bbox 1735 3274 2126 3342; x_wconf 82' lang='lat' dir='ltr'><strong>horridus</strong></span> <span class='ocrx_word' id='word_1_249' title='bbox 2182 3277 2336 3343; x_wconf 87' lang='lat' dir='ltr'>ira.</span> <span class='ocrx_word' id='word_1_250' title='bbox 2395 3278 2506 3344; x_wconf 87' lang='lat' dir='ltr'>IV.</span> <span class='ocrx_word' id='word_1_251' title='bbox 2565 3278 2728 3343; x_wconf 83' lang='lat'>847:</span> 
     </span>
     <span class='ocr_line' id='line_1_29' title="bbox 591 3380 2734 3472; baseline 0.001 -25"><span class='ocrx_word' id='word_1_252' title='bbox 591 3381 852 3449; x_wconf 84' lang='lat' dir='ltr'>adversi</span> <span class='ocrx_word' id='word_1_253' title='bbox 912 3382 1193 3447; x_wconf 83' lang='lat' dir='ltr'>frontem</span> <span class='ocrx_word' id='word_1_254' title='bbox 1250 3382 1403 3447; x_wconf 84' lang='lat' dir='ltr'>ferit</span> <span class='ocrx_word' id='word_1_255' title='bbox 1460 3380 1842 3448; x_wconf 86' lang='lat' dir='ltr'><strong>horridus</strong></span> <span class='ocrx_word' id='word_1_256' title='bbox 1899 3382 2022 3447; x_wconf 86' lang='lat' dir='ltr'>ira</span> <span class='ocrx_word' id='word_1_257' title='bbox 2081 3382 2301 3448; x_wconf 85' lang='lat' dir='ltr'>Fortis</span> <span class='ocrx_word' id='word_1_258' title='bbox 2359 3384 2511 3472; x_wconf 87' lang='lat' dir='ltr'>equi</span> <span class='ocrx_word' id='word_1_259' title='bbox 2525 3387 2565 3423; x_wconf 86' lang='lat'><em>“</em></span> <span class='ocrx_word' id='word_1_260' title='bbox 2619 3394 2734 3450; x_wconf 84' lang='lat' dir='ltr'>aut</span> 
     </span>
     <span class='ocr_line' id='line_1_30' title="bbox 592 3486 1530 3576; baseline -0.001 -23"><span class='ocrx_word' id='word_1_261' title='bbox 592 3487 737 3573; x_wconf 84' lang='lat' dir='ltr'><strong>hoc,</strong></span> <span class='ocrx_word' id='word_1_262' title='bbox 785 3487 963 3576; x_wconf 85' lang='lat' dir='ltr'><strong>quod</strong></span> <span class='ocrx_word' id='word_1_263' title='bbox 1008 3510 1133 3575; x_wconf 89' lang='lat' dir='ltr'>ego</span> <span class='ocrx_word' id='word_1_264' title='bbox 1180 3486 1530 3575; x_wconf 86' lang='lat' dir='ltr'>pervelim:</span> 
     </span>
    </p>
   </div>
   <div class='ocr_carea' id='block_1_3' title="bbox 920 3608 2325 3769">
    <p class='ocr_par' dir='ltr' id='par_1_3' title="bbox 920 3608 2325 3769">
     <span class='ocr_line' id='line_1_31' title="bbox 1308 3608 1998 3666; baseline 0 -1"><span class='ocrx_word' id='word_1_265' title='bbox 1308 3616 1484 3665; x_wconf 65' lang='lat' dir='ltr'><strong>nonne</strong></span> <span class='ocrx_word' id='word_1_266' title='bbox 1522 3608 1771 3666; x_wconf 79' lang='lat' dir='ltr'><strong>horridus</strong></span> <span class='ocrx_word' id='word_1_267' title='bbox 1807 3619 1998 3665; x_wconf 74' lang='lat' dir='ltr'>aestu</span> 
     </span>
     <span class='ocr_line' id='line_1_32' title="bbox 920 3696 2325 3769; baseline 0.001 -18"><span class='ocrx_word' id='word_1_268' title='bbox 920 3696 1187 3752; x_wconf 77' lang='lat' dir='ltr'>invidiae</span> <span class='ocrx_word' id='word_1_269' title='bbox 1225 3714 1453 3769; x_wconf 79' lang='lat' dir='ltr'>superos</span> <span class='ocrx_word' id='word_1_270' title='bbox 1492 3698 1792 3769; x_wconf 76' lang='lat' dir='ltr'>injustaque</span> <span class='ocrx_word' id='word_1_271' title='bbox 1829 3698 2040 3753; x_wconf 79' lang='lat' dir='ltr'>Tartara</span> <span class='ocrx_word' id='word_1_272' title='bbox 2080 3698 2325 3769; x_wconf 70' lang='lat' dir='ltr'>pulsem?</span> 
     </span>
    </p>
   </div>
   <div class='ocr_carea' id='block_1_4' title="bbox 589 3799 2737 4420">
    <p class='ocr_par' dir='ltr' id='par_1_4' title="bbox 589 3799 2737 4420">
     <span class='ocr_line' id='line_1_33' title="bbox 594 3799 2734 3891; baseline 0 -24"><span class='ocrx_word' id='word_1_273' title='bbox 594 3802 741 3884; x_wconf 79' lang='lat' dir='ltr'>Quo</span> <span class='ocrx_word' id='word_1_274' title='bbox 787 3802 959 3867; x_wconf 82' lang='lat' dir='ltr'><strong>facto</strong></span> <span class='ocrx_word' id='word_1_275' title='bbox 1010 3808 1260 3867; x_wconf 80' lang='lat' dir='ltr'>tantam</span> <span class='ocrx_word' id='word_1_276' title='bbox 1294 3799 1487 3865; x_wconf 81' lang='lat' dir='ltr'>Statii</span> <span class='ocrx_word' id='word_1_277' title='bbox 1520 3800 1802 3866; x_wconf 86' lang='lat' dir='ltr'>orationi</span> <span class='ocrx_word' id='word_1_278' title='bbox 1847 3809 2148 3867; x_wconf 78' lang='lat' dir='ltr'>constare</span> <span class='ocrx_word' id='word_1_279' title='bbox 2179 3801 2734 3891; x_wconf 81' lang='lat' dir='ltr'>perspicuitatem,</span> 
     </span>
     <span class='ocr_line' id='line_1_34' title="bbox 592 3903 2734 3997; baseline 0.002 -26"><span class='ocrx_word' id='word_1_280' title='bbox 592 3914 902 3995; x_wconf 84' lang='lat' dir='ltr'>quantam</span> <span class='ocrx_word' id='word_1_281' title='bbox 949 3904 1215 3991; x_wconf 84' lang='lat' dir='ltr'>Virgilii</span> <span class='ocrx_word' id='word_1_282' title='bbox 1260 3905 1323 3969; x_wconf 91' lang='lat' dir='ltr'>ei</span> <span class='ocrx_word' id='word_1_283' title='bbox 1368 3903 1511 3970; x_wconf 88' lang='lat' dir='ltr'>loco</span> <span class='ocrx_word' id='word_1_284' title='bbox 1560 3904 1756 3993; x_wconf 90' lang='lat' dir='ltr'>(Aen.</span> <span class='ocrx_word' id='word_1_285' title='bbox 1805 3906 1853 3969; x_wconf 91' lang='lat'>1.</span> <span class='ocrx_word' id='word_1_286' title='bbox 1915 3906 2097 3997; x_wconf 79' lang='lat'><strong>296),</strong></span> <span class='ocrx_word' id='word_1_287' title='bbox 2155 3930 2348 3995; x_wconf 88' lang='lat' dir='ltr'>quem</span> <span class='ocrx_word' id='word_1_288' title='bbox 2401 3916 2734 3975; x_wconf 76' lang='lat' dir='ltr'>mutuatus</span> 
     </span>
     <span class='ocr_line' id='line_1_35' title="bbox 591 4010 2734 4103; baseline 0.001 -26"><span class='ocrx_word' id='word_1_289' title='bbox 591 4021 692 4077; x_wconf 86' lang='lat' dir='ltr'>est</span> <span class='ocrx_word' id='word_1_290' title='bbox 739 4011 1167 4077; x_wconf 81' lang='lat' dir='ltr'><strong>Cassiodorus</strong></span> <span class='ocrx_word' id='word_1_291' title='bbox 1210 4010 1367 4075; x_wconf 84' lang='lat' dir='ltr'>Var.</span> <span class='ocrx_word' id='word_1_292' title='bbox 1402 4010 1485 4075; x_wconf 91' lang='lat' dir='ltr'>V.</span> <span class='ocrx_word' id='word_1_293' title='bbox 1534 4011 1614 4075; x_wconf 80' lang='lat'>21</span> <span class='ocrx_word' id='word_1_294' title='bbox 1667 4033 1730 4098; x_wconf 87' lang='lat' dir='ltr'>p.</span> <span class='ocrx_word' id='word_1_295' title='bbox 1778 4012 1865 4076; x_wconf 88' lang='lat'>80</span> <span class='ocrx_word' id='word_1_296' title='bbox 1908 4011 1978 4081; x_wconf 85' lang='lat' dir='ltr'>b:</span> <span class='ocrx_word' id='word_1_297' title='bbox 2025 4012 2240 4078; x_wconf 85' lang='lat' dir='ltr'><strong>Furor</strong></span> <span class='ocrx_word' id='word_1_298' title='bbox 2283 4014 2517 4103; x_wconf 89' lang='lat' dir='ltr'>impius</span> <span class='ocrx_word' id='word_1_299' title='bbox 2562 4015 2734 4080; x_wconf 85' lang='lat' dir='ltr'><strong>intus</strong></span> 
     </span>
     <span class='ocr_line' id='line_1_36' title="bbox 589 4116 2734 4187; baseline 0.001 -4"><span class='ocrx_word' id='word_1_300' title='bbox 589 4116 876 4183; x_wconf 86' lang='lat' dir='ltr'><strong>inclusus</strong></span> <span class='ocrx_word' id='word_1_301' title='bbox 922 4116 1191 4182; x_wconf 84' lang='lat' dir='ltr'>fremit</span> <span class='ocrx_word' id='word_1_302' title='bbox 1234 4116 1621 4183; x_wconf 84' lang='lat' dir='ltr'><strong>horridus</strong></span> <span class='ocrx_word' id='word_1_303' title='bbox 1673 4140 1808 4183; x_wconf 90' lang='lat' dir='ltr'>ore</span> <span class='ocrx_word' id='word_1_304' title='bbox 1856 4124 2254 4185; x_wconf 82' lang='lat' dir='ltr'>cruento“</span> <span class='ocrx_word' id='word_1_305' title='bbox 2301 4129 2415 4187; x_wconf 87' lang='lat' dir='ltr'>aut</span> <span class='ocrx_word' id='word_1_306' title='bbox 2445 4120 2734 4187; x_wconf 83' lang='lat' dir='ltr'>Senecae</span> 
     </span>
     <span class='ocr_line' id='line_1_37' title="bbox 591 4220 2737 4313; baseline 0.002 -25"><span class='ocrx_word' id='word_1_307' title='bbox 591 4223 790 4289; x_wconf 89' lang='lat' dir='ltr'>Herc.</span> <span class='ocrx_word' id='word_1_308' title='bbox 840 4220 987 4287; x_wconf 82' lang='lat' dir='ltr'>Oet.</span> <span class='ocrx_word' id='word_1_309' title='bbox 1038 4220 1196 4286; x_wconf 79' lang='lat'>550:</span> <span class='ocrx_word' id='word_1_310' title='bbox 1258 4223 1564 4309; x_wconf 83' lang='lat' dir='ltr'>sagittam</span> <span class='ocrx_word' id='word_1_311' title='bbox 1610 4246 1857 4311; x_wconf 91' lang='lat' dir='ltr'>prome,</span> <span class='ocrx_word' id='word_1_312' title='bbox 1907 4247 2053 4311; x_wconf 87' lang='lat' dir='ltr'>qua</span> <span class='ocrx_word' id='word_1_313' title='bbox 2099 4225 2428 4313; x_wconf 85' lang='lat' dir='ltr'><strong>quondam</strong></span> <span class='ocrx_word' id='word_1_314' title='bbox 2474 4226 2737 4293; x_wconf 89' lang='lat' dir='ltr'>horri-</span> 
     </span>
     <span class='ocr_line' id='line_1_38' title="bbox 593 4326 2737 4420; baseline 0.002 -26"><span class='ocrx_word' id='word_1_315' title='bbox 593 4328 740 4394; x_wconf 83' lang='lat' dir='ltr'>dus</span> <span class='ocrx_word' id='word_1_316' title='bbox 786 4326 1076 4395; x_wconf 64' lang='lat' dir='ltr'>«Iovem</span> <span class='ocrx_word' id='word_1_317' title='bbox 1125 4328 1443 4413; x_wconf 85' lang='lat' dir='ltr'>petisti.</span> <span class='ocrx_word' id='word_1_318' title='bbox 1536 4328 1698 4394; x_wconf 83' lang='lat'>580:</span> <span class='ocrx_word' id='word_1_319' title='bbox 1760 4330 2202 4420; x_wconf 87' lang='lat' dir='ltr'>Precibusque</span> <span class='ocrx_word' id='word_1_320' title='bbox 2249 4332 2512 4399; x_wconf 87' lang='lat' dir='ltr'>Amoris</span> <span class='ocrx_word' id='word_1_321' title='bbox 2557 4332 2737 4399; x_wconf 85' lang='lat' dir='ltr'>hor·</span> 
     </span>
    </p>
   </div>
   <div class='ocr_carea' id='block_1_5' title="bbox 3210 50 3220 1363">
    <p class='ocr_par' dir='ltr' id='par_1_5' title="bbox 3210 50 3220 1363">
     <span class='ocr_line' id='line_1_39' title="bbox 3210 50 3220 1363; baseline 0 0"><span class='ocrx_word' id='word_1_322' title='bbox 3210 50 3220 1363; x_wconf 95' lang='lat' dir='ltr'> </span> 
     </span>
    </p>
   </div>
   <div class='ocr_carea' id='block_1_6' title="bbox 3211 1506 3218 2407">
    <p class='ocr_par' dir='ltr' id='par_1_6' title="bbox 3211 1506 3218 2407">
     <span class='ocr_line' id='line_1_40' title="bbox 3211 1506 3218 2407; baseline 0 0"><span class='ocrx_word' id='word_1_323' title='bbox 3211 1506 3218 2407; x_wconf 95' lang='lat' dir='ltr'> </span> 
     </span>
    </p>
   </div>
  </div>
 </body>
</html>
