3234 4967
1335 399 1557 455 Adnot.
1596 402 1695 453 65².
2455 406 2576 469 101

427 607 632 697 sqq.),
704 609 759 673 is
828 630 957 674 non
1019 616 1119 672 est
1178 606 1445 673 dubium
1512 609 1667 695 quin
1733 607 2012 673 voluerit
2057 613 2362 695 cognosci
2421 636 2574 687 suae

429 736 663 782 causae
712 716 1065 781 viscera:

932 826 1143 873 nostrae
1182 826 1475 888 cognoscat
1510 820 1692 873 viscc
1715 836 1778 873 ra
1815 836 2026 873 causac.

428 926 521 993 Ut
572 935 671 989 est
728 923 904 1012 apud
950 922 1339 989 Ciceronem
1408 922 1489 987 dc
1552 920 1740 988 Orat.
1789 923 1864 987 ll.
1937 923 2040 1006 78,
2111 922 2282 989 318:-
2350 926 2577 1007 „Haec

424 1041 645 1101 autem
690 1031 759 1095 in
812 1028 1091 1097 dicendo
1150 1052 1281 1094 non
1341 1029 1750 1094 extrinsecus
1811 1026 2111 1093 alicunde
2165 1032 2573 1117 quaerenda,

424 1138 541 1203 sed
589 1158 675 1202 ex
719 1136 928 1224 ipsis
976 1135 1441 1201 visceribus
1489 1156 1802 1200 causae
1849 1134 2166 1200 sumenda
2213 1142 2426 1221 sunt‘ss
2475 1142 2578 1203 cui

430 1244 800 1333 proximum
848 1250 949 1307 est
1005 1240 1168 1307 illud
1212 1242 1321 1324 36,
1375 1240 1530 1305 149:
1594 1251 1666 1305 ut
1725 1242 1792 1305 in
1852 1241 1930 1305 iis
1987 1240 2146 1307 locis
2195 1282 2282 1293 -—-·
2326 1245 2576 1333 pervol-

425 1360 616 1417 vatur
662 1349 949 1432 animUS,-
980 1357 1057 1413 ut
1102 1371 1179 1413 se
1226 1348 1563 1435 penitus
1617 1348 1984 1413 insinuet
2037 1352 2120 1413 in
2178 1357 2576 1433 causa111,“

426 1456 823 1523 contrarium
867 1453 1095 1519 frons
1143 1476 1445 1519 causae
1503 1453 1729 1518 Burm.
1782 1452 2008 1535 Qintil.
2057 1454 2242 1519 Decl.
2291 1456 2352 1519 V
2361 1456 2460 1522 ΙΙΙ.
2517 1462 2574 1523 1.
2681 1486 2684 1489 ⁴

428 1588 490 1652 Ρ.
544 1561 690 1629 165.
780 1560 1093 1627 Simili-ter
1138 1562 1249 1648 qui
1294 1559 1756 1625 in-mediam
1805 1562 2082 1645 emergit
2137 1560 2573 1627 civitatem

431 1670 651 1753 hostis,
699 1668 873 1735 intra
918 1669 1245 1733 viscera
1294 1666 1499 1753 accipi
1566 1665 1804 1731 dicitur
1847 1688 1890 1730 a
1936 1666 2340 1748 Quintiliano
2387 1668 2571 1733 Dec-l.

436 1774 687 1843 CCLV.
756 1799 799 1864 Ρ
882 1772 1009 1837 467
1086 1774 1223 1839 sive
1294 1773 1363 1837 in
1432 1770 1897 1837 visceribus
1954 1772 2189 1839 urbis
2245 1796 2570 1863 apparere

431 1880 821 1949 CCLXXu.
866 1904 929 1969 p.
979 1878 1111 1945 524
1156 1878 1237 1945 cf.
1288 1878 1425 1945 Cic.
1484 1876 1676 1943 Catil.
1735 1878 1787 1942 I.
1842 1879 1942 1944 13.
2036 1879 2214 1945 Duk.
2262 1880 2441 1947 Flor.
2489 1882 2570 1945 ΙΙ.

430 1989 489 2069 6,
536 1987 618 2051 41
670 2010 735 2075 p.
784 1986 935 2051 319.
1050 1985 1231 2051 Gort.
1302 1985 1548 2050 Luean.
1624 1984 1668 2049 l.
1717 1985 1756 2047 3
1811 2008 1875 2071 Ρ.
1941 1986 2097 2049 3‘et
2143 1986 2279 2051 Vll.
2330 1987 2458 2053 579
2508 2013 2570 2075 p.

436 2094 603 2159 229.
678 2090 791 2157 Sil.
843 2091 955 2156 ΙΙΙ.
1008 2092 1162 2155 709:
1210 2090 1425 2155 Altius
1476 2088 1810 2155 Ausoniae
1877 2087 2226 2177 penetrare
2295 2092 2360 2157 in
2431 2096 2580 2159 vis·

430 2222 615 2265 cera
642 2198 980 2286 gentis«
1028 2196 1633 2283 Maximianxssleg.
1685 2201 1727 2262 l.
1777 2196 1938 2262 259:
1973 2195 2212 2263 Omnia
2243 2209 2578 2267 naturae

433 2306 776 2373 solvuntur
855 2306 1185 2370 viscera
1250 2306 1655 2369 nostrae.“
1767 2302 2023 2367 Eodem
2093 2313 2314 2370 autem
2383 2308 2578 2373 modo

434 2411 795 2479 identidem
862 2410 1207 2477 variatum
1258 2406 1603 2476 scribendo
1675 2420 1774 2475 est
1843 2408 2018 2496 apud
2055 2405 2414 2476 'Lucanum
2475 2414 2576 2477 m.

434 2519 595 2583 677:
644 2517 975 2583 viscera
1010 2514 1208 2583 laeva
1252 2516 1640 2605 Opposuere
1685 2520 1949 2581 mann.“
2019 2516 2258 2605 Sulpic.
2307 2517 2578 2582 Ascens.

433 2624 798 2690 vulnera.
870 2621 999 2687 658
1048 2623 1414 2711 permixtus
1480 2623 1810 2687 viscere
1872 2624 2156 2709 sanguis.
2273 2622 2491 2689 Guelf.
2539 2625 2580 2687 9

432 2730 792 2796 vulnere.
828 2728 907 2795 S.
958 2726 1203 2794 Germ.'
1242 2730 1487 2795 mixtus
1534 2738 1684 2815 post
1753 2728 2090 2795 vulnera
2158 2732 2468 2816 sanguis“
2517 2740 2582 2795 et

440 2858 601 2925 quos
648 2835 828 2902 locos
874 2856 1025 2901 non·
1053 2834 1270 2901 attulit
1316 2835 1577 2901 Oortius
1643 2858 1708 2922 Ρ.
1777 2835 1940 2918 416,
1989 2836 2278 2922 ejusdem
2324 2836 2474 2902 libri
2521 2862 2582 2901 v,

435 2944 593 3009 746:
642 2941 943 3007 destituit
974 2940 1223 3007 calidus
1252 2950 1369 3007 tua
1400 2939 1739 3007 vulnera
1786 2942 2066 3025 sanguis.
2119 2941 2288 3007 Ebn.
2341 2940 2582 3008 Guclff.

434 3048 710 3115 Barber.
758 3050 1102 3113 viscera.
1149 3046 1267 3114 IV.
1308 3048 1471 3112 291:
1523 3047 1875 3113 adstrinxit
1921 3046 2251 3113 vulnera
2295 3044 2582 3136 sanguis.

438 3154 579 3221 cod.
628 3154 857 3221 Barth.
904 3154 1217 3219 viscera
1252 3152 1341 3219 cf.
1392 3154 1438 3217 l.
1487 3157 1557 3220 3:
1612 3152 1682 3217 ln
1731 3176 1851 3219 sna
1895 3154 2147 3218 victrici
2196 3176 2582 3221 conversum

439 3262 758 3327 viscera
814 3259 1075 3331 dextra.
1168 3260 1442 3326 Fames.
1514 3260 1812 3325 funera.
1905 3259 2134 3325 Senec.
2207 3260 2418 3349 Epist.
2468 3262 2582 3327 845

444 3366 835 3453 per-'siccata
864 3368 1208 3433 v‘iscerc.
1244 3366 1448 3433 Gron.
1476 3366 1654 3434 Oort.
1683 3366 1724 3431 l.
1753 3364 1817 3431 d.
1851 3362 2205 3433 vulnera.
2240 3365 2584 3435 Claudian.

440 3472 629 3537 Eutr.
674 3472 722 3538 l.
770 3470 895 3539 46:-
938 3475 1167 3540 matris
1236 3482 1387 3563 post
1460 3471 1810 3539 viscera..
1857 3468 2052 3537 codd.
2099 3496 2163 3561 p.
2237 3473 2385 3540 272.
2457 3474 2586 3540 829

440 3580 748 3645 funera.
795 3578 1159 3646 verbera.
1207 3580 1458 3647 ubera
1506 3579 1587 3645 cf.
1637 3578 1856 3644 adnot.
1909 3602 1969 3643 V.
2019 3580 2124 3643 49.
2218 3581 2582 3647 Nemesian.

441 3686 518 3751 L.
566 3686 765 3751 Herc.
814 3688 932 3751 11:
982 3686 1217 3776 dignus
1265 3685 1443 3752 credi
1488 3695 1640 3773 post
1687 3686 2000 3753 viscera
2043 3709 2303 3751 numen.
2360 3687 2584 3753 Burm.

420 3792 765 3876 sunere,
815 3814 1004 3881 quem
1050 3791 1189 3858 fani
1232 3800 1299 3858 et
1328 3790 1820 3857 VVernsdorfius
1853 3792 2076 3857 docuit
2107 3798 2174 3857 et
2205 3792 2588 3879 intelligitur

448 3920 531 3964 ex
576 3896 679 3984 iis,
728 3920 896 3987 quae
944 3898 1026 3965 de
1058 3919 1181 3965 usu
1204 3898 1393 3965 'vocis
1440 3900 1764 3965 viscera
1807 3898 2113 3964 disseruit
2144 3898 2588 3987 VVopke-nsius

443 4004 667 4071 Sedul.
712 4005 819 4071 V:
850 4004 981 4071 286
1025 4030 1089 4094 p.
1119 4002 1269 4073 '238
1317 4006 1399 4073 cf.
1450 4004 1722 4089 Quintil.
1769 4004 1956 4071 Decl.
2019 4006 2129 4069 Vl.
2183 4008 2266 4070 10
2310 4030 2374 4095 Ρ.
2427 4008 2586 4075 137:

450 4112 739 4197 exigitur
780 4131 999 4200 poena
1043 4122 1277 4179 trans
1318 4112 1736 4181 hominem.
1786 4112 1951 4178 Stat.
1985 4111 2192 4178 Theb.
2225 4111 2378 4177 XlI.
2430 4113 2591 4179 265:

454 4226 804 4307 errantque
851 4220 1105 4285 animae
1150 4229 1339 4308 post
1382 4219 1732 4285 membra
1787 4218 2095 4285 solutae“
2166 4218 2396 4307 (quem
2447 4212 2592 4283 cuin

451 4323 843 4389 Nemesiano
899 4346 963 4389 v.
1024 4325 1137 4393 88:
1206 4325 1555 4415 Dignaque
1637 4324 1930 4391 sidereos
1998 4336 2179 4413 post
2245 4324 2588 4390 membra

449 4429 702 4495 intrare
755 4435 1095 4497 recessus“
1154 4430 1549 4501 contendere
1612 4430 2134 4497 Wernsdorfium
2192 4452 2322 4495 non
2379 4431 2591 4498 minus
