<?xml version="1.0" encoding="UTF-8"?>
<!DOCTYPE html PUBLIC "-//W3C//DTD XHTML 1.0 Transitional//EN"
    "http://www.w3.org/TR/xhtml1/DTD/xhtml1-transitional.dtd">
<html xmlns="http://www.w3.org/1999/xhtml" xml:lang="en" lang="en">
 <head>
  <title>
</title>
<meta http-equiv="Content-Type" content="text/html;charset=utf-8" />
  <meta name='ocr-system' content='tesseract 3.04.00' />
  <meta name='ocr-capabilities' content='ocr_page ocr_carea ocr_par ocr_line ocrx_word'/>
</head>
<body>
  <div class='ocr_page' id='page_1' title='image "./ppapiniistatiie00ungegoog_0196.png"; bbox 0 0 3234 4967; ppageno 0'>
   <div class='ocr_carea' id='block_1_1' title="bbox 708 415 2013 480">
    <p class='ocr_par' dir='ltr' id='par_1_1' title="bbox 708 415 2013 480">
     <span class='ocr_line' id='line_1_1' title="bbox 708 415 2013 480; baseline 0.002 -12"><span class='ocrx_word' id='word_1_1' title='bbox 708 423 803 469; x_wconf 79' lang='lat'><strong>188</strong></span> <span class='ocrx_word' id='word_1_2' title='bbox 1535 415 1577 466; x_wconf 82' lang='lat' dir='ltr'>G</span> <span class='ocrx_word' id='word_1_3' title='bbox 1593 433 1624 467; x_wconf 90' lang='lat' dir='ltr'><strong>o</strong></span> <span class='ocrx_word' id='word_1_4' title='bbox 1637 416 1694 480; x_wconf 87' lang='lat' dir='ltr'><strong>nj</strong></span> <span class='ocrx_word' id='word_1_5' title='bbox 1709 432 1738 467; x_wconf 84' lang='lat' dir='ltr'><strong>e</strong></span> <span class='ocrx_word' id='word_1_6' title='bbox 1754 434 1778 467; x_wconf 88' lang='lat' dir='ltr'><strong>c</strong></span> <span class='ocrx_word' id='word_1_7' title='bbox 1793 426 1824 470; x_wconf 89' lang='lat' dir='ltr'><strong>t.</strong></span> <span class='ocrx_word' id='word_1_8' title='bbox 1863 417 2013 471; x_wconf 89' lang='lat' dir='ltr'><strong>VIII.</strong></span> 
     </span>
    </p>
   </div>
   <div class='ocr_carea' id='block_1_2' title="bbox 687 584 2838 4495">
    <p class='ocr_par' dir='ltr' id='par_1_2' title="bbox 704 584 2838 825">
     <span class='ocr_line' id='line_1_2' title="bbox 704 584 2838 653; baseline -0 -12"><span class='ocrx_word' id='word_1_9' title='bbox 704 592 927 641; x_wconf 84' lang='lat' dir='ltr'><strong>alienum</strong></span> <span class='ocrx_word' id='word_1_10' title='bbox 966 595 1042 637; x_wconf 88' lang='lat' dir='ltr'><strong>est</strong></span> <span class='ocrx_word' id='word_1_11' title='bbox 1080 584 1206 637; x_wconf 76' lang='lat' dir='ltr'><strong>Silv..</strong></span> <span class='ocrx_word' id='word_1_12' title='bbox 1241 586 1307 639; x_wconf 89' lang='lat' dir='ltr'><strong>V.</strong></span> <span class='ocrx_word' id='word_1_13' title='bbox 1349 589 1394 645; x_wconf 99' lang='grc'><strong>2,</strong></span> <span class='ocrx_word' id='word_1_14' title='bbox 1433 588 1487 639; x_wconf 84' lang='grc'><strong>3;</strong></span> <span class='ocrx_word' id='word_1_15' title='bbox 1532 602 1650 637; x_wconf 87' lang='lat' dir='ltr'><strong>mea</strong></span> <span class='ocrx_word' id='word_1_16' title='bbox 1693 597 1890 637; x_wconf 87' lang='lat' dir='ltr'><strong>secreto</strong></span> <span class='ocrx_word' id='word_1_17' title='bbox 1925 588 2254 637; x_wconf 82' lang='lat' dir='ltr'><strong>velluntur</strong></span> <span class='ocrx_word' id='word_1_18' title='bbox 2289 595 2564 653; x_wconf 81' lang='lat' dir='ltr'><strong>pectora</strong></span> <span class='ocrx_word' id='word_1_19' title='bbox 2605 586 2838 653; x_wconf 86' lang='lat' dir='ltr'><strong>morsu,“</strong></span> 
     </span>
     <span class='ocr_line' id='line_1_3' title="bbox 704 668 2836 740; baseline 0.001 -17"><span class='ocrx_word' id='word_1_20' title='bbox 704 692 805 740; x_wconf 89' lang='lat' dir='ltr'><strong>quo</strong></span> <span class='ocrx_word' id='word_1_21' title='bbox 845 674 1045 724; x_wconf 77' lang='lat' dir='ltr'><strong>Ofilio</strong></span> <span class='ocrx_word' id='word_1_22' title='bbox 1084 671 1397 735; x_wconf 82' lang='lat' dir='ltr'><strong>Sergiano</strong></span> <span class='ocrx_word' id='word_1_23' title='bbox 1435 672 1583 737; x_wconf 84' lang='lat' dir='ltr'><strong>Eleg.</strong></span> <span class='ocrx_word' id='word_1_24' title='bbox 1622 675 1684 723; x_wconf 89' lang='lat' dir='ltr'><strong>de</strong></span> <span class='ocrx_word' id='word_1_25' title='bbox 1711 674 1824 723; x_wconf 86' lang='lat' dir='ltr'><strong>Pul.</strong></span> <span class='ocrx_word' id='word_1_26' title='bbox 1868 676 1958 723; x_wconf 86' lang='lat'><strong>12:</strong></span> <span class='ocrx_word' id='word_1_27' title='bbox 1995 674 2077 723; x_wconf 88' lang='lat' dir='ltr'><strong>Tu</strong></span> <span class='ocrx_word' id='word_1_28' title='bbox 2113 672 2278 725; x_wconf 80' lang='lat' dir='ltr'><strong>femur</strong></span> <span class='ocrx_word' id='word_1_29' title='bbox 2313 668 2552 727; x_wconf 80' lang='lat' dir='ltr'><strong>avellis</strong></span> <span class='ocrx_word' id='word_1_30' title='bbox 2589 690 2836 739; x_wconf 83' lang='lat' dir='ltr'><strong>cruraque</strong></span> 
     </span>
     <span class='ocr_line' id='line_1_4' title="bbox 704 754 2460 825; baseline -0.001 -16"><span class='ocrx_word' id='word_1_31' title='bbox 704 769 875 825; x_wconf 81' lang='lat' dir='ltr'><strong>aperta</strong></span> <span class='ocrx_word' id='word_1_32' title='bbox 913 758 1080 809; x_wconf 87' lang='lat' dir='ltr'><strong>subis“</strong></span> <span class='ocrx_word' id='word_1_33' title='bbox 1120 758 1219 807; x_wconf 90' lang='lat' dir='ltr'><strong>hoe</strong></span> <span class='ocrx_word' id='word_1_34' title='bbox 1255 758 1480 807; x_wconf 86' lang='lat' dir='ltr'><strong>remedio</strong></span> <span class='ocrx_word' id='word_1_35' title='bbox 1516 767 1866 809; x_wconf 70' lang='lat' dir='ltr'><strong>succurratur:</strong></span> <span class='ocrx_word' id='word_1_36' title='bbox 1901 758 2062 807; x_wconf 83' lang='lat' dir='ltr'><strong>femur</strong></span> <span class='ocrx_word' id='word_1_37' title='bbox 2099 754 2176 807; x_wconf 86' lang='lat' dir='ltr'><strong>ah</strong></span> <span class='ocrx_word' id='word_1_38' title='bbox 2211 759 2460 810; x_wconf 85' lang='lat' dir='ltr'><strong>vellis.“</strong></span> 
     </span>
    </p>

    <p class='ocr_par' dir='ltr' id='par_1_3' title="bbox 700 842 2835 1505">
     <span class='ocr_line' id='line_1_5' title="bbox 838 842 2835 925; baseline 0.001 -31"><span class='ocrx_word' id='word_1_39' title='bbox 838 844 945 895; x_wconf 81' lang='lat' dir='ltr'><strong>Nec</strong></span> <span class='ocrx_word' id='word_1_40' title='bbox 983 844 1143 909; x_wconf 83' lang='lat' dir='ltr'><strong>magis</strong></span> <span class='ocrx_word' id='word_1_41' title='bbox 1177 842 1435 903; x_wconf 84' lang='lat' dir='ltr'><strong>Queekius</strong></span> <span class='ocrx_word' id='word_1_42' title='bbox 1472 844 1526 891; x_wconf 89' lang='lat' dir='ltr'><strong>in</strong></span> <span class='ocrx_word' id='word_1_43' title='bbox 1565 844 1864 906; x_wconf 85' lang='lat' dir='ltr'><strong>corrigendo</strong></span> <span class='ocrx_word' id='word_1_44' title='bbox 1903 843 2127 905; x_wconf 87' lang='lat' dir='ltr'><strong>ejusdcm</strong></span> <span class='ocrx_word' id='word_1_45' title='bbox 2167 844 2400 895; x_wconf 79' lang='lat' dir='ltr'><strong>carminis</strong></span> <span class='ocrx_word' id='word_1_46' title='bbox 2436 860 2588 895; x_wconf 84' lang='lat' dir='ltr'><strong>versu</strong></span> <span class='ocrx_word' id='word_1_47' title='bbox 2605 849 2835 925; x_wconf 48' lang='lat' dir='ltr'><strong>&amp;Jer-</strong></span> 
     </span>
     <span class='ocr_line' id='line_1_6' title="bbox 702 927 2835 995; baseline -0.001 -14"><span class='ocrx_word' id='word_1_48' title='bbox 702 938 838 981; x_wconf 85' lang='lat' dir='ltr'><strong>satus</strong></span> <span class='ocrx_word' id='word_1_49' title='bbox 859 930 1151 981; x_wconf 85' lang='lat' dir='ltr'><strong>Marklandi</strong></span> <span class='ocrx_word' id='word_1_50' title='bbox 1191 928 1379 977; x_wconf 86' lang='lat' dir='ltr'><strong>nomini</strong></span> <span class='ocrx_word' id='word_1_51' title='bbox 1406 927 1642 989; x_wconf 83' lang='lat' dir='ltr'><strong>adjunxit</strong></span> <span class='ocrx_word' id='word_1_52' title='bbox 1671 928 2016 979; x_wconf 83' lang='lat' dir='ltr'><strong>Burmannum</strong></span> <span class='ocrx_word' id='word_1_53' title='bbox 2036 928 2192 977; x_wconf 88' lang='lat' dir='ltr'><strong>Anth.</strong></span> <span class='ocrx_word' id='word_1_54' title='bbox 2215 928 2326 981; x_wconf 84' lang='lat' dir='ltr'><strong>Lat.</strong></span> <span class='ocrx_word' id='word_1_55' title='bbox 2348 928 2444 981; x_wconf 80' lang='lat' dir='ltr'><strong>IV.</strong></span> <span class='ocrx_word' id='word_1_56' title='bbox 2467 932 2584 991; x_wconf 84' lang='lat'><strong>324,</strong></span> <span class='ocrx_word' id='word_1_57' title='bbox 2600 931 2632 981; x_wconf 86' lang='lat'><strong>3</strong></span> <span class='ocrx_word' id='word_1_58' title='bbox 2655 947 2700 995; x_wconf 87' lang='lat' dir='ltr'><strong>p.</strong></span> <span class='ocrx_word' id='word_1_59' title='bbox 2723 932 2835 979; x_wconf 79' lang='lat'><strong>238.</strong></span> 
     </span>
     <span class='ocr_line' id='line_1_7' title="bbox 702 1008 2834 1078; baseline -0.001 -13"><span class='ocrx_word' id='word_1_60' title='bbox 702 1008 898 1065; x_wconf 83' lang='lat' dir='ltr'><strong>V&#39;erum</strong></span> <span class='ocrx_word' id='word_1_61' title='bbox 935 1015 1034 1063; x_wconf 90' lang='lat' dir='ltr'><strong>hoc</strong></span> <span class='ocrx_word' id='word_1_62' title='bbox 1070 1014 1184 1063; x_wconf 86' lang='lat' dir='ltr'><strong>leve</strong></span> <span class='ocrx_word' id='word_1_63' title='bbox 1223 1016 1325 1076; x_wconf 53' lang='lat' dir='ltr'><strong>est,</strong></span> <span class='ocrx_word' id='word_1_64' title='bbox 1372 1009 1501 1061; x_wconf 90' lang='lat' dir='ltr'><strong>illud</strong></span> <span class='ocrx_word' id='word_1_65' title='bbox 1536 1028 1656 1071; x_wconf 74' lang='lat' dir='ltr'><strong>non,</strong></span> <span class='ocrx_word' id='word_1_66' title='bbox 1678 1022 1958 1063; x_wconf 85' lang='lat' dir='ltr'><strong>memoratu</strong></span> <span class='ocrx_word' id='word_1_67' title='bbox 1993 1015 2160 1074; x_wconf 85' lang='lat' dir='ltr'><strong>mod0‚</strong></span> <span class='ocrx_word' id='word_1_68' title='bbox 2197 1016 2284 1063; x_wconf 90' lang='lat' dir='ltr'><strong>sed</strong></span> <span class='ocrx_word' id='word_1_69' title='bbox 2321 1015 2586 1066; x_wconf 74' lang='lat' dir='ltr'><strong>miratione</strong></span> <span class='ocrx_word' id='word_1_70' title='bbox 2627 1016 2834 1078; x_wconf 86' lang='lat' dir='ltr'><strong>dignum</strong></span> 
     </span>
     <span class='ocr_line' id='line_1_8' title="bbox 704 1098 2835 1165; baseline 0 -16"><span class='ocrx_word' id='word_1_71' title='bbox 704 1109 795 1161; x_wconf 85' lang='lat' dir='ltr'><strong>est,</strong></span> <span class='ocrx_word' id='word_1_72' title='bbox 832 1102 969 1165; x_wconf 89' lang='lat' dir='ltr'><strong>quod</strong></span> <span class='ocrx_word' id='word_1_73' title='bbox 1008 1109 1273 1165; x_wconf 75' lang='lat' dir='ltr'>postquam</span> <span class='ocrx_word' id='word_1_74' title='bbox 1312 1098 1475 1159; x_wconf 80' lang='lat' dir='ltr'><strong>„nihil</strong></span> <span class='ocrx_word' id='word_1_75' title='bbox 1513 1099 1565 1147; x_wconf 91' lang='lat' dir='ltr'><strong>in</strong></span> <span class='ocrx_word' id='word_1_76' title='bbox 1604 1107 1710 1149; x_wconf 83' lang='lat' dir='ltr'><strong>toto</strong></span> <span class='ocrx_word' id='word_1_77' title='bbox 1746 1108 1897 1164; x_wconf 78' lang='lat' dir='ltr'><strong>poeta</strong></span> <span class='ocrx_word' id='word_1_78' title='bbox 1933 1099 2185 1149; x_wconf 84' lang='lat' dir='ltr'><strong>difficilius</strong></span> <span class='ocrx_word' id='word_1_79' title='bbox 2231 1100 2324 1151; x_wconf 86' lang='lat' dir='ltr'><strong>sibi</strong></span> <span class='ocrx_word' id='word_1_80' title='bbox 2361 1101 2568 1161; x_wconf 54' lang='grc' dir='ltr'><strong>πήρη-ιω,-</strong></span> <span class='ocrx_word' id='word_1_81' title='bbox 2591 1100 2738 1160; x_wconf 81' lang='lat' dir='ltr'><strong>nihil,</strong></span> <span class='ocrx_word' id='word_1_82' title='bbox 2782 1101 2835 1149; x_wconf 90' lang='lat' dir='ltr'><strong>in</strong></span> 
     </span>
     <span class='ocr_line' id='line_1_9' title="bbox 702 1183 2834 1249; baseline -0.001 -15"><span class='ocrx_word' id='word_1_83' title='bbox 702 1200 803 1247; x_wconf 86' lang='lat' dir='ltr'><strong>quo</strong></span> <span class='ocrx_word' id='word_1_84' title='bbox 844 1187 1010 1237; x_wconf 89' lang='lat' dir='ltr'><strong>minus</strong></span> <span class='ocrx_word' id='word_1_85' title='bbox 1048 1183 1140 1234; x_wconf 83' lang='lat' dir='ltr'><strong>sibi</strong></span> <span class='ocrx_word' id='word_1_86' title='bbox 1178 1200 1241 1232; x_wconf 87' lang='lat' dir='ltr'><strong>ex</strong></span> <span class='ocrx_word' id='word_1_87' title='bbox 1278 1199 1369 1232; x_wconf 81' lang='lat' dir='ltr'><strong>sua</strong></span> <span class='ocrx_word' id='word_1_88' title='bbox 1406 1191 1512 1233; x_wconf 84' lang='lat' dir='ltr'><strong>arte</strong></span> <span class='ocrx_word' id='word_1_89' title='bbox 1556 1186 1664 1248; x_wconf 87' lang='lat' dir='ltr'><strong>spei</strong></span> <span class='ocrx_word' id='word_1_90' title='bbox 1711 1194 1844 1234; x_wconf 80' lang='lat' dir='ltr'><strong>esset</strong></span> <span class='ocrx_word' id='word_1_91' title='bbox 1859 1186 1887 1209; x_wconf 84' lang='lat'><strong>‘⁴</strong></span> <span class='ocrx_word' id='word_1_92' title='bbox 1933 1185 2194 1234; x_wconf 88' lang='lat' dir='ltr'><strong>confessus</strong></span> <span class='ocrx_word' id='word_1_93' title='bbox 2235 1192 2309 1233; x_wconf 87' lang='lat' dir='ltr'><strong>est</strong></span> <span class='ocrx_word' id='word_1_94' title='bbox 2347 1183 2638 1233; x_wconf 83' lang='lat' dir='ltr'><strong>Gronovius</strong></span> <span class='ocrx_word' id='word_1_95' title='bbox 2675 1186 2834 1249; x_wconf 82' lang='lat' dir='ltr'><strong>Epist.</strong></span> 
     </span>
     <span class='ocr_line' id='line_1_10' title="bbox 702 1255 2834 1335; baseline -0.001 -16"><span class='ocrx_word' id='word_1_96' title='bbox 702 1274 763 1320; x_wconf 83' lang='lat' dir='ltr'><strong>ad</strong></span> <span class='ocrx_word' id='word_1_97' title='bbox 803 1270 1015 1320; x_wconf 81' lang='lat' dir='ltr'><strong>Salmas.</strong></span> <span class='ocrx_word' id='word_1_98' title='bbox 1056 1255 1379 1335; x_wconf 75' lang='lat' dir='ltr'><strong>CCXOII&#39;p.</strong></span> <span class='ocrx_word' id='word_1_99' title='bbox 1419 1273 1516 1321; x_wconf 84' lang='lat'><strong>533</strong></span> <span class='ocrx_word' id='word_1_100' title='bbox 1555 1268 1681 1335; x_wconf 79' lang='lat' dir='ltr'><strong>Syll,</strong></span> <span class='ocrx_word' id='word_1_101' title='bbox 1722 1270 1790 1319; x_wconf 90' lang='grc' dir='ltr'><strong>ΙΙ.</strong></span> <span class='ocrx_word' id='word_1_102' title='bbox 1828 1285 1924 1319; x_wconf 88' lang='lat' dir='ltr'><strong>nec</strong></span> <span class='ocrx_word' id='word_1_103' title='bbox 1961 1270 2282 1320; x_wconf 82' lang='lat' dir='ltr'><strong>mediocriter</strong></span> <span class='ocrx_word' id='word_1_104' title='bbox 2315 1276 2432 1334; x_wconf 82' lang='lat' dir='ltr'><strong>post</strong></span> <span class='ocrx_word' id='word_1_105' title='bbox 2473 1286 2587 1320; x_wconf 89' lang='lat' dir='ltr'><strong>eum</strong></span> <span class='ocrx_word' id='word_1_106' title='bbox 2634 1266 2834 1319; x_wconf 69' lang='lat' dir='ltr'><strong>labora?-</strong></span> 
     </span>
     <span class='ocr_line' id='line_1_11' title="bbox 700 1355 2834 1419; baseline -0.001 -14"><span class='ocrx_word' id='word_1_107' title='bbox 700 1368 815 1407; x_wconf 84' lang='lat' dir='ltr'><strong>rnnt</strong></span> <span class='ocrx_word' id='word_1_108' title='bbox 854 1370 1043 1415; x_wconf 88' lang='lat' dir='ltr'><strong>omnes,</strong></span> <span class='ocrx_word' id='word_1_109' title='bbox 1079 1355 1325 1405; x_wconf 86' lang='lat' dir='ltr'><strong>Imhofius</strong></span> <span class='ocrx_word' id='word_1_110' title='bbox 1363 1357 1424 1404; x_wconf 91' lang='lat' dir='ltr'><strong>de</strong></span> <span class='ocrx_word' id='word_1_111' title='bbox 1462 1355 1585 1405; x_wconf 82' lang='lat' dir='ltr'><strong>Silv.</strong></span> <span class='ocrx_word' id='word_1_112' title='bbox 1615 1356 1824 1405; x_wconf 88' lang='lat' dir='ltr'><strong>Condie.</strong></span> <span class='ocrx_word' id='word_1_113' title='bbox 1848 1355 1970 1405; x_wconf 85' lang='lat' dir='ltr'><strong>crit..</strong></span> <span class='ocrx_word' id='word_1_114' title='bbox 1999 1372 2050 1419; x_wconf 86' lang='lat' dir='ltr'><strong>p.</strong></span> <span class='ocrx_word' id='word_1_115' title='bbox 2072 1358 2134 1403; x_wconf 89' lang='grc'><strong>22</strong></span> <span class='ocrx_word' id='word_1_116' title='bbox 2173 1356 2298 1403; x_wconf 84' lang='lat' dir='ltr'><strong>haec</strong></span> <span class='ocrx_word' id='word_1_117' title='bbox 2336 1356 2652 1419; x_wconf 72' lang='lat' dir='ltr'><strong>pronuntiat:</strong></span> <span class='ocrx_word' id='word_1_118' title='bbox 2691 1356 2834 1417; x_wconf 79' lang='lat' dir='ltr'><strong>„mit-</strong></span> 
     </span>
     <span class='ocr_line' id='line_1_12' title="bbox 700 1440 2426 1505; baseline -0.001 -14"><span class='ocrx_word' id='word_1_119' title='bbox 700 1444 867 1501; x_wconf 80' lang='lat' dir='ltr'><strong>tenda‚</strong></span> <span class='ocrx_word' id='word_1_120' title='bbox 908 1456 1036 1505; x_wconf 82' lang='lat' dir='ltr'><strong>quae</strong></span> <span class='ocrx_word' id='word_1_121' title='bbox 1074 1440 1136 1489; x_wconf 82' lang='lat' dir='ltr'><strong>ab</strong></span> <span class='ocrx_word' id='word_1_122' title='bbox 1174 1441 1523 1504; x_wconf 78' lang='lat' dir='ltr'><strong>interpretibus</strong></span> <span class='ocrx_word' id='word_1_123' title='bbox 1558 1442 1768 1490; x_wconf 89' lang='lat' dir='ltr'><strong>inventa</strong></span> <span class='ocrx_word' id='word_1_124' title='bbox 1803 1450 1922 1489; x_wconf 88' lang='lat' dir='ltr'><strong>sunt</strong></span> <span class='ocrx_word' id='word_1_125' title='bbox 1958 1442 2020 1489; x_wconf 85' lang='lat' dir='ltr'><strong>ad</strong></span> <span class='ocrx_word' id='word_1_126' title='bbox 2059 1442 2192 1489; x_wconf 91' lang='lat' dir='ltr'><strong>hunc</strong></span> <span class='ocrx_word' id='word_1_127' title='bbox 2230 1441 2426 1489; x_wconf 90' lang='lat' dir='ltr'><strong>locum:</strong></span> 
     </span>
    </p>

    <p class='ocr_par' dir='ltr' id='par_1_4' title="bbox 1107 1527 2254 1661">
     <span class='ocr_line' id='line_1_13' title="bbox 1413 1527 2254 1595; baseline -0.004 -21"><span class='ocrx_word' id='word_1_128' title='bbox 1413 1527 1565 1575; x_wconf 80' lang='lat' dir='ltr'><strong>Vitae</strong></span> <span class='ocrx_word' id='word_1_129' title='bbox 1604 1528 1997 1595; x_wconf 32' lang='lat' dir='ltr'><strong>modofficarmen</strong></span> <span class='ocrx_word' id='word_1_130' title='bbox 2036 1527 2254 1586; x_wconf 79' lang='lat' dir='ltr'><strong>adultae,</strong></span> 
     </span>
     <span class='ocr_line' id='line_1_14' title="bbox 1107 1602 1764 1661; baseline 0.005 -2"><span class='ocrx_word' id='word_1_131' title='bbox 1107 1609 1325 1660; x_wconf 83' lang='lat' dir='ltr'><strong>Nectere</strong></span> <span class='ocrx_word' id='word_1_132' title='bbox 1365 1613 1605 1661; x_wconf 80' lang='lat' dir='ltr'><strong>tendebat</strong></span> <span class='ocrx_word' id='word_1_133' title='bbox 1655 1604 1660 1611; x_wconf 72' lang='grc'><em>’</em></span> <span class='ocrx_word' id='word_1_134' title='bbox 1757 1602 1764 1610; x_wconf 67' lang='grc'><strong>’</strong></span> 
     </span>
    </p>

    <p class='ocr_par' dir='ltr' id='par_1_5' title="bbox 692 1696 2833 2953">
     <span class='ocr_line' id='line_1_15' title="bbox 700 1696 2832 1765; baseline -0 -18"><span class='ocrx_word' id='word_1_135' title='bbox 700 1699 1076 1765; x_wconf 73' lang='lat' dir='ltr'><strong>corrigendum:</strong></span> <span class='ocrx_word' id='word_1_136' title='bbox 1134 1705 1211 1747; x_wconf 83' lang='lat' dir='ltr'><strong>est</strong></span> <span class='ocrx_word' id='word_1_137' title='bbox 1258 1698 1389 1747; x_wconf 86' lang='lat' dir='ltr'><strong>enim</strong></span> <span class='ocrx_word' id='word_1_138' title='bbox 1443 1713 1610 1747; x_wconf 86' lang='lat' dir='ltr'><strong>sanus.</strong></span> <span class='ocrx_word' id='word_1_139' title='bbox 1677 1696 1956 1747; x_wconf 86' lang='lat' dir='ltr'><strong>-Carmcn</strong></span> <span class='ocrx_word' id='word_1_140' title='bbox 1993 1698 2196 1763; x_wconf 79' lang='lat' dir='ltr'><strong>scripsit</strong></span> <span class='ocrx_word' id='word_1_141' title='bbox 2230 1705 2382 1761; x_wconf 88' lang='lat' dir='ltr'><strong>poeta</strong></span> <span class='ocrx_word' id='word_1_142' title='bbox 2435 1712 2526 1761; x_wconf 89' lang='lat' dir='ltr'><strong>pro</strong></span> <span class='ocrx_word' id='word_1_143' title='bbox 2579 1698 2832 1757; x_wconf 86' lang='lat' dir='ltr'><strong>vaticini0‚</strong></span> 
     </span>
     <span class='ocr_line' id='line_1_16' title="bbox 699 1766 2831 1847; baseline 0 -14"><span class='ocrx_word' id='word_1_144' title='bbox 699 1786 892 1843; x_wconf 85' lang='lat' dir='ltr'><strong>omine,</strong></span> <span class='ocrx_word' id='word_1_145' title='bbox 942 1766 1006 1832; x_wconf 80' lang='lat' dir='ltr'><strong>ex</strong></span> <span class='ocrx_word' id='word_1_146' title='bbox 1047 1790 1165 1831; x_wconf 91' lang='lat' dir='ltr'><strong>noto</strong></span> <span class='ocrx_word' id='word_1_147' title='bbox 1204 1784 1339 1831; x_wconf 84' lang='lat' dir='ltr'><strong>vocis</strong></span> <span class='ocrx_word' id='word_1_148' title='bbox 1375 1799 1469 1833; x_wconf 91' lang='lat' dir='ltr'><strong>usu</strong></span> <span class='ocrx_word' id='word_1_149' title='bbox 1507 1782 1702 1843; x_wconf 89' lang='lat' dir='ltr'><strong>(Burm.</strong></span> <span class='ocrx_word' id='word_1_150' title='bbox 1741 1781 1895 1845; x_wconf 86' lang='lat' dir='ltr'><strong>Prop.</strong></span> <span class='ocrx_word' id='word_1_151' title='bbox 1934 1784 1971 1835; x_wconf 89' lang='grc' dir='ltr'><strong>Ι,</strong></span> <span class='ocrx_word' id='word_1_152' title='bbox 2014 1786 2059 1843; x_wconf 86' lang='grc'><strong>7,</strong></span> <span class='ocrx_word' id='word_1_153' title='bbox 2097 1784 2160 1832; x_wconf 88' lang='grc'><strong>23</strong></span> <span class='ocrx_word' id='word_1_154' title='bbox 2199 1800 2248 1847; x_wconf 86' lang='lat' dir='ltr'><strong>p.</strong></span> <span class='ocrx_word' id='word_1_155' title='bbox 2286 1782 2404 1845; x_wconf 88' lang='lat'>80),</span> <span class='ocrx_word' id='word_1_156' title='bbox 2447 1783 2498 1831; x_wconf 89' lang='lat' dir='ltr'><strong>in</strong></span> <span class='ocrx_word' id='word_1_157' title='bbox 2545 1798 2604 1831; x_wconf 93' lang='lat' dir='ltr'><strong>eo</strong></span> <span class='ocrx_word' id='word_1_158' title='bbox 2641 1791 2831 1833; x_wconf 87' lang='lat' dir='ltr'><strong>tantum</strong></span> 
     </span>
     <span class='ocr_line' id='line_1_17' title="bbox 698 1862 2832 1932; baseline -0.002 -14"><span class='ocrx_word' id='word_1_159' title='bbox 698 1862 870 1919; x_wconf 76' lang='lat' dir='ltr'><strong>audax</strong></span> <span class='ocrx_word' id='word_1_160' title='bbox 915 1871 1049 1932; x_wconf 90' lang='lat' dir='ltr'><strong>quod</strong></span> <span class='ocrx_word' id='word_1_161' title='bbox 1096 1869 1387 1931; x_wconf 84' lang='lat' dir='ltr'><strong>genitivum,</strong></span> <span class='ocrx_word' id='word_1_162' title='bbox 1443 1869 1527 1932; x_wconf 89' lang='lat' dir='ltr'><strong>qui</strong></span> <span class='ocrx_word' id='word_1_163' title='bbox 1566 1870 1748 1919; x_wconf 83' lang='lat' dir='ltr'><strong>dicitur</strong></span> <span class='ocrx_word' id='word_1_164' title='bbox 1790 1884 1821 1915; x_wconf 84' lang='lat' dir='ltr'><strong>a</strong></span> <span class='ocrx_word' id='word_1_165' title='bbox 1867 1868 2204 1931; x_wconf 78' lang='lat' dir='ltr'><strong>grammaticis</strong></span> <span class='ocrx_word' id='word_1_166' title='bbox 2249 1867 2549 1931; x_wconf 87' lang='lat' dir='ltr'><strong>objectivus,</strong></span> <span class='ocrx_word' id='word_1_167' title='bbox 2605 1863 2832 1916; x_wconf 80' lang='lat' dir='ltr'><strong>addidit:</strong></span> 
     </span>
     <span class='ocr_line' id='line_1_18' title="bbox 697 1952 2833 2017; baseline -0.002 -14"><span class='ocrx_word' id='word_1_168' title='bbox 697 1957 866 2003; x_wconf 89' lang='lat' dir='ltr'><strong>vitae</strong></span> <span class='ocrx_word' id='word_1_169' title='bbox 905 1956 1183 2003; x_wconf 83' lang='lat' dir='ltr'><strong>adultae.</strong></span> <span class='ocrx_word' id='word_1_170' title='bbox 1257 1952 1440 2017; x_wconf 85' lang='lat' dir='ltr'><strong>Itaque</strong></span> <span class='ocrx_word' id='word_1_171' title='bbox 1480 1955 1604 2001; x_wconf 81' lang='lat' dir='ltr'><strong>haec</strong></span> <span class='ocrx_word' id='word_1_172' title='bbox 1651 1961 1728 2001; x_wconf 84' lang='lat' dir='ltr'><strong>est</strong></span> <span class='ocrx_word' id='word_1_173' title='bbox 1772 1954 2050 2003; x_wconf 83' lang='lat' dir='ltr'><strong>sententia:</strong></span> <span class='ocrx_word' id='word_1_174' title='bbox 2105 1952 2249 2013; x_wconf 87' lang='lat' dir='ltr'><strong>Tibi,</strong></span> <span class='ocrx_word' id='word_1_175' title='bbox 2307 1953 2531 2013; x_wconf 85' lang='lat' dir='ltr'><strong>Philete,</strong></span> <span class='ocrx_word' id='word_1_176' title='bbox 2585 1952 2833 2013; x_wconf 70' lang='lat' dir='ltr'><strong>longioris</strong></span> 
     </span>
     <span class='ocr_line' id='line_1_19' title="bbox 698 2037 2831 2103; baseline -0.002 -14"><span class='ocrx_word' id='word_1_177' title='bbox 698 2041 878 2091; x_wconf 81' lang='lat' dir='ltr'><strong>aetatis</strong></span> <span class='ocrx_word' id='word_1_178' title='bbox 915 2039 1207 2089; x_wconf 80' lang='lat' dir='ltr'><strong>felicissima</strong></span> <span class='ocrx_word' id='word_1_179' title='bbox 1244 2054 1355 2103; x_wconf 87' lang='lat' dir='ltr'><strong>spes</strong></span> <span class='ocrx_word' id='word_1_180' title='bbox 1395 2047 1519 2101; x_wconf 88' lang='lat' dir='ltr'><strong>erat,</strong></span> <span class='ocrx_word' id='word_1_181' title='bbox 1554 2038 1666 2101; x_wconf 81' lang='lat' dir='ltr'><strong>jam</strong></span> <span class='ocrx_word' id='word_1_182' title='bbox 1699 2038 1752 2087; x_wconf 88' lang='lat' dir='ltr'><strong>in</strong></span> <span class='ocrx_word' id='word_1_183' title='bbox 1791 2053 1850 2087; x_wconf 91' lang='lat' dir='ltr'><strong>eo</strong></span> <span class='ocrx_word' id='word_1_184' title='bbox 1890 2046 2051 2097; x_wconf 86' lang='lat' dir='ltr'><strong>erat,</strong></span> <span class='ocrx_word' id='word_1_185' title='bbox 2087 2048 2144 2087; x_wconf 82' lang='lat' dir='ltr'><strong>ut</strong></span> <span class='ocrx_word' id='word_1_186' title='bbox 2178 2054 2290 2087; x_wconf 90' lang='lat' dir='ltr'><strong>cum</strong></span> <span class='ocrx_word' id='word_1_187' title='bbox 2318 2039 2476 2087; x_wconf 87' lang='lat' dir='ltr'><strong>tribus</strong></span> <span class='ocrx_word' id='word_1_188' title='bbox 2495 2037 2637 2089; x_wconf 84' lang='lat' dir='ltr'><strong>Eleis</strong></span> <span class='ocrx_word' id='word_1_189' title='bbox 2662 2037 2831 2086; x_wconf 84' lang='lat' dir='ltr'><strong>lustris</strong></span> 
     </span>
     <span class='ocr_line' id='line_1_20' title="bbox 696 2120 2829 2183; baseline -0.001 -10"><span class='ocrx_word' id='word_1_190' title='bbox 696 2139 850 2173; x_wconf 84' lang='lat' dir='ltr'><strong>unam</strong></span> <span class='ocrx_word' id='word_1_191' title='bbox 889 2120 1154 2173; x_wconf 79' lang='lat' dir='ltr'><strong>trieterida</strong></span> <span class='ocrx_word' id='word_1_192' title='bbox 1191 2132 1445 2183; x_wconf 78' lang='lat' dir='ltr'><strong>nectereS‚</strong></span> <span class='ocrx_word' id='word_1_193' title='bbox 1494 2122 1856 2173; x_wconf 83' lang='lat' dir='ltr'><strong>faustissimum</strong></span> <span class='ocrx_word' id='word_1_194' title='bbox 1893 2124 2098 2171; x_wconf 79' lang='lat' dir='ltr'><strong>adultae</strong></span> <span class='ocrx_word' id='word_1_195' title='bbox 2135 2124 2272 2172; x_wconf 88' lang='lat' dir='ltr'><strong>vitae</strong></span> <span class='ocrx_word' id='word_1_196' title='bbox 2309 2139 2470 2173; x_wconf 88' lang='lat' dir='ltr'><strong>omen.</strong></span> <span class='ocrx_word' id='word_1_197' title='bbox 2545 2122 2677 2173; x_wconf 88' lang='lat' dir='ltr'><strong>Tum</strong></span> <span class='ocrx_word' id='word_1_198' title='bbox 2715 2138 2829 2171; x_wconf 85' lang='lat' dir='ltr'><strong>vero</strong></span> 
     </span>
     <span class='ocr_line' id='line_1_21' title="bbox 696 2208 2830 2275; baseline -0.001 -17"><span class='ocrx_word' id='word_1_199' title='bbox 696 2211 869 2258; x_wconf 80' lang='lat' dir='ltr'><strong>invida</strong></span> <span class='ocrx_word' id='word_1_200' title='bbox 904 2209 1217 2259; x_wconf 78' lang='lat' dir='ltr'><strong>Rhamnusia</strong></span> <span class='ocrx_word' id='word_1_201' title='bbox 1254 2210 1466 2257; x_wconf 86' lang='lat' dir='ltr'><strong>attendit</strong></span> <span class='ocrx_word' id='word_1_202' title='bbox 1500 2216 1652 2273; x_wconf 84' lang='lat' dir='ltr'><strong>teque</strong></span> <span class='ocrx_word' id='word_1_203' title='bbox 1691 2208 1991 2275; x_wconf 85' lang='lat' dir='ltr'><strong>oppressit.“</strong></span> <span class='ocrx_word' id='word_1_204' title='bbox 2055 2208 2202 2269; x_wconf 86' lang='lat' dir='ltr'><strong>Quae</strong></span> <span class='ocrx_word' id='word_1_205' title='bbox 2239 2210 2312 2258; x_wconf 83' lang='lat' dir='ltr'><strong>sic</strong></span> <span class='ocrx_word' id='word_1_206' title='bbox 2350 2209 2603 2273; x_wconf 82' lang='lat' dir='ltr'><strong>disputata</strong></span> <span class='ocrx_word' id='word_1_207' title='bbox 2629 2208 2830 2257; x_wconf 87' lang='lat' dir='ltr'><strong>omnino</strong></span> 
     </span>
     <span class='ocr_line' id='line_1_22' title="bbox 697 2294 2830 2358; baseline -0.001 -15"><span class='ocrx_word' id='word_1_208' title='bbox 697 2302 815 2344; x_wconf 83' lang='lat' dir='ltr'><strong>sunt</strong></span> <span class='ocrx_word' id='word_1_209' title='bbox 849 2294 1203 2358; x_wconf 84' lang='lat' dir='ltr'><strong>improbanda:</strong></span> <span class='ocrx_word' id='word_1_210' title='bbox 1241 2309 1363 2343; x_wconf 87' lang='lat' dir='ltr'><strong>nam</strong></span> <span class='ocrx_word' id='word_1_211' title='bbox 1400 2306 1496 2341; x_wconf 88' lang='lat' dir='ltr'><strong>nec</strong></span> <span class='ocrx_word' id='word_1_212' title='bbox 1531 2310 1736 2355; x_wconf 88' lang='lat' dir='ltr'><strong>omen,</strong></span> <span class='ocrx_word' id='word_1_213' title='bbox 1793 2296 1980 2343; x_wconf 86' lang='lat' dir='ltr'><strong>nedum</strong></span> <span class='ocrx_word' id='word_1_214' title='bbox 2019 2294 2288 2346; x_wconf 88' lang='lat' dir='ltr'><strong>adultae</strong></span> <span class='ocrx_word' id='word_1_215' title='bbox 2324 2295 2461 2344; x_wconf 86' lang='lat' dir='ltr'><strong>vitae</strong></span> <span class='ocrx_word' id='word_1_216' title='bbox 2503 2310 2652 2343; x_wconf 90' lang='lat' dir='ltr'><strong>omen</strong></span> <span class='ocrx_word' id='word_1_217' title='bbox 2694 2300 2830 2343; x_wconf 88' lang='lat' dir='ltr'><strong>recte</strong></span> 
     </span>
     <span class='ocr_line' id='line_1_23' title="bbox 696 2378 2828 2445; baseline -0.001 -16"><span class='ocrx_word' id='word_1_218' title='bbox 696 2381 903 2443; x_wconf 77' lang='lat' dir='ltr'><strong>dicitur,</strong></span> <span class='ocrx_word' id='word_1_219' title='bbox 958 2381 1000 2428; x_wconf 83' lang='lat' dir='ltr'><strong>si</strong></span> <span class='ocrx_word' id='word_1_220' title='bbox 1040 2380 1149 2445; x_wconf 90' lang='lat' dir='ltr'><strong>quis</strong></span> <span class='ocrx_word' id='word_1_221' title='bbox 1186 2380 1343 2427; x_wconf 89' lang='lat' dir='ltr'><strong>tribus</strong></span> <span class='ocrx_word' id='word_1_222' title='bbox 1382 2378 1550 2428; x_wconf 87' lang='lat' dir='ltr'><strong>lustris</strong></span> <span class='ocrx_word' id='word_1_223' title='bbox 1586 2387 1758 2428; x_wconf 83' lang='lat' dir='ltr'><strong>nectat</strong></span> <span class='ocrx_word' id='word_1_224' title='bbox 1798 2380 2060 2429; x_wconf 80' lang='lat' dir='ltr'><strong>trieterida</strong></span> <span class='ocrx_word' id='word_1_225' title='bbox 2096 2390 2146 2429; x_wconf 84' lang='lat' dir='ltr'><strong>et</strong></span> <span class='ocrx_word' id='word_1_226' title='bbox 2180 2381 2360 2429; x_wconf 82' lang='lat' dir='ltr'><strong>verba:</strong></span> <span class='ocrx_word' id='word_1_227' title='bbox 2419 2380 2590 2429; x_wconf 87' lang='lat' dir='ltr'><strong>vitae</strong></span> <span class='ocrx_word' id='word_1_228' title='bbox 2627 2380 2828 2429; x_wconf 87' lang='lat' dir='ltr'><strong>adultae</strong></span> 
     </span>
     <span class='ocr_line' id='line_1_24' title="bbox 698 2465 2829 2541; baseline -0.001 -26"><span class='ocrx_word' id='word_1_229' title='bbox 698 2480 945 2541; x_wconf 79' lang='lat' dir='ltr'><strong>carmen</strong></span> <span class='ocrx_word' id='word_1_230' title='bbox 983 2481 1047 2527; x_wconf 85' lang='lat' dir='ltr'><strong>„a</strong></span> <span class='ocrx_word' id='word_1_231' title='bbox 1084 2465 1638 2513; x_wconf 85' lang='lat' dir='ltr'><strong>latina-consuetudine</strong></span> <span class='ocrx_word' id='word_1_232' title='bbox 1677 2480 1828 2529; x_wconf 88' lang='lat' dir='ltr'><strong>quam</strong></span> <span class='ocrx_word' id='word_1_233' title='bbox 1865 2466 2158 2529; x_wconf 85' lang='lat' dir='ltr'><strong>longissime</strong></span> <span class='ocrx_word' id='word_1_234' title='bbox 2197 2465 2469 2515; x_wconf 82' lang='lat' dir='ltr'><strong>abhorrent</strong></span> <span class='ocrx_word' id='word_1_235' title='bbox 2505 2466 2558 2515; x_wconf 90' lang='lat' dir='ltr'><strong>in</strong></span> <span class='ocrx_word' id='word_1_236' title='bbox 2583 2480 2689 2515; x_wconf 86' lang='lat' dir='ltr'><strong>eam</strong></span> <span class='ocrx_word' id='word_1_237' title='bbox 2715 2481 2829 2529; x_wconf 89' lang='lat' dir='ltr'><strong>par·-</strong></span> 
     </span>
     <span class='ocr_line' id='line_1_25' title="bbox 696 2548 2830 2627; baseline -0.002 -25"><span class='ocrx_word' id='word_1_238' title='bbox 696 2560 812 2627; x_wconf 65' lang='lat' dir='ltr'><strong>tem.</strong></span> <span class='ocrx_word' id='word_1_239' title='bbox 846 2566 999 2621; x_wconf 73' lang='lat' dir='ltr'><strong>quam</strong></span> <span class='ocrx_word' id='word_1_240' title='bbox 1036 2558 1234 2614; x_wconf 87' lang='lat' dir='ltr'><strong>spectat</strong></span> <span class='ocrx_word' id='word_1_241' title='bbox 1268 2550 1531 2610; x_wconf 74' lang='lat' dir='ltr'><strong>Imhofiu8‚</strong></span> <span class='ocrx_word' id='word_1_242' title='bbox 1570 2552 1828 2614; x_wconf 81' lang='lat' dir='ltr'><strong>explic-ata</strong></span> <span class='ocrx_word' id='word_1_243' title='bbox 1875 2548 2024 2615; x_wconf 90' lang='lat' dir='ltr'><strong>(nihil</strong></span> <span class='ocrx_word' id='word_1_244' title='bbox 2061 2551 2193 2609; x_wconf 74' lang='lat' dir='ltr'><strong>enim</strong></span> <span class='ocrx_word' id='word_1_245' title='bbox 2231 2550 2333 2599; x_wconf 87' lang='lat' dir='ltr'><strong>tale</strong></span> <span class='ocrx_word' id='word_1_246' title='bbox 2369 2552 2548 2599; x_wconf 82' lang='lat' dir='ltr'><strong>suadet</strong></span> <span class='ocrx_word' id='word_1_247' title='bbox 2585 2552 2830 2599; x_wconf 82' lang='lat' dir='ltr'><strong>Burman-</strong></span> 
     </span>
     <span class='ocr_line' id='line_1_26' title="bbox 696 2635 2829 2701; baseline -0 -18"><span class='ocrx_word' id='word_1_248' title='bbox 696 2636 810 2699; x_wconf 78' lang='lat' dir='ltr'><strong>nus)</strong></span> <span class='ocrx_word' id='word_1_249' title='bbox 846 2642 899 2684; x_wconf 89' lang='lat' dir='ltr'><strong>et</strong></span> <span class='ocrx_word' id='word_1_250' title='bbox 933 2637 983 2685; x_wconf 89' lang='lat' dir='ltr'><strong>in</strong></span> <span class='ocrx_word' id='word_1_251' title='bbox 1022 2635 1269 2699; x_wconf 86' lang='lat' dir='ltr'><strong>principio</strong></span> <span class='ocrx_word' id='word_1_252' title='bbox 1307 2636 1586 2684; x_wconf 88' lang='lat' dir='ltr'><strong>sententiae</strong></span> <span class='ocrx_word' id='word_1_253' title='bbox 1625 2637 1788 2699; x_wconf 79' lang='lat' dir='ltr'><strong>posita</strong></span> <span class='ocrx_word' id='word_1_254' title='bbox 1835 2635 2012 2699; x_wconf 85' lang='lat' dir='ltr'><strong>(quam</strong></span> <span class='ocrx_word' id='word_1_255' title='bbox 2047 2638 2250 2699; x_wconf 89' lang='lat' dir='ltr'><strong>quidem</strong></span> <span class='ocrx_word' id='word_1_256' title='bbox 2288 2651 2395 2685; x_wconf 90' lang='lat' dir='ltr'><strong>rem</strong></span> <span class='ocrx_word' id='word_1_257' title='bbox 2443 2637 2554 2701; x_wconf 89' lang='lat' dir='ltr'><strong>ipse</strong></span> <span class='ocrx_word' id='word_1_258' title='bbox 2589 2636 2829 2685; x_wconf 82' lang='lat' dir='ltr'><strong>Imhofius</strong></span> 
     </span>
     <span class='ocr_line' id='line_1_27' title="bbox 696 2720 2828 2792; baseline 0 -24"><span class='ocrx_word' id='word_1_259' title='bbox 696 2722 995 2792; x_wconf 71' lang='lat' dir='ltr'><strong>diligentius</strong></span> <span class='ocrx_word' id='word_1_260' title='bbox 1034 2720 1308 2769; x_wconf 78' lang='lat' dir='ltr'><strong>declinavit</strong></span> <span class='ocrx_word' id='word_1_261' title='bbox 1344 2720 1414 2769; x_wconf 87' lang='lat' dir='ltr'><strong>sic</strong></span> <span class='ocrx_word' id='word_1_262' title='bbox 1450 2720 1714 2783; x_wconf 89' lang='lat' dir='ltr'><strong>loquutus:</strong></span> <span class='ocrx_word' id='word_1_263' title='bbox 1754 2736 1866 2769; x_wconf 89' lang='lat' dir='ltr'><strong>cum</strong></span> <span class='ocrx_word' id='word_1_264' title='bbox 1904 2722 2062 2771; x_wconf 85' lang='lat' dir='ltr'><strong>tribus</strong></span> <span class='ocrx_word' id='word_1_265' title='bbox 2099 2722 2242 2770; x_wconf 88' lang='lat' dir='ltr'><strong>Eleis</strong></span> <span class='ocrx_word' id='word_1_266' title='bbox 2277 2722 2452 2771; x_wconf 87' lang='lat' dir='ltr'><strong>lustris</strong></span> <span class='ocrx_word' id='word_1_267' title='bbox 2488 2737 2639 2769; x_wconf 84' lang='lat' dir='ltr'><strong>unam</strong></span> <span class='ocrx_word' id='word_1_268' title='bbox 2666 2722 2828 2769; x_wconf 82' lang='lat' dir='ltr'><strong>triete-</strong></span> 
     </span>
     <span class='ocr_line' id='line_1_28' title="bbox 694 2790 2831 2870; baseline 0 -17"><span class='ocrx_word' id='word_1_269' title='bbox 694 2790 799 2854; x_wconf 77' lang='lat' dir='ltr'><strong>rida</strong></span> <span class='ocrx_word' id='word_1_270' title='bbox 828 2815 1071 2865; x_wconf 74' lang='lat' dir='ltr'><strong>nect.ereS‚</strong></span> <span class='ocrx_word' id='word_1_271' title='bbox 1096 2804 1231 2855; x_wconf 87' lang='lat' dir='ltr'><strong>faus</strong></span> <span class='ocrx_word' id='word_1_272' title='bbox 1250 2805 1560 2855; x_wconf 83' lang='lat' dir='ltr'><strong>tissimum</strong></span> <span class='ocrx_word' id='word_1_273' title='bbox 1584 2807 1825 2857; x_wconf 86' lang='lat' dir='ltr'><strong>adultae</strong></span> <span class='ocrx_word' id='word_1_274' title='bbox 1852 2808 2021 2857; x_wconf 83' lang='lat' dir='ltr'><strong>vitae</strong></span> <span class='ocrx_word' id='word_1_275' title='bbox 2059 2808 2318 2870; x_wconf 54' lang='lat' dir='ltr'><strong>o‚men“).</strong></span> <span class='ocrx_word' id='word_1_276' title='bbox 2346 2805 2579 2855; x_wconf 83' lang='lat' dir='ltr'><strong>Sedenim</strong></span> <span class='ocrx_word' id='word_1_277' title='bbox 2603 2814 2831 2870; x_wconf 83' lang='lat' dir='ltr'><strong>prompta</strong></span> 
     </span>
     <span class='ocr_line' id='line_1_29' title="bbox 692 2891 1278 2953; baseline 0 -14"><span class='ocrx_word' id='word_1_278' title='bbox 692 2891 785 2939; x_wconf 83' lang='lat' dir='ltr'><strong>suit</strong></span> <span class='ocrx_word' id='word_1_279' title='bbox 823 2892 924 2939; x_wconf 83' lang='lat' dir='ltr'><strong>veri</strong></span> <span class='ocrx_word' id='word_1_280' title='bbox 962 2892 1278 2953; x_wconf 81' lang='lat' dir='ltr'><strong>conjectura:</strong></span> 
     </span>
    </p>

    <p class='ocr_par' dir='ltr' id='par_1_6' title="bbox 997 2974 1978 3027">
     <span class='ocr_line' id='line_1_30' title="bbox 997 2974 1978 3027; baseline 0.002 -2"><span class='ocrx_word' id='word_1_281' title='bbox 997 2977 1196 3026; x_wconf 78' lang='lat' dir='ltr'><strong>Invidia</strong></span> <span class='ocrx_word' id='word_1_282' title='bbox 1231 2976 1407 3025; x_wconf 80' lang='lat' dir='ltr'><strong>infelix</strong></span> <span class='ocrx_word' id='word_1_283' title='bbox 1444 2978 1596 3025; x_wconf 86' lang='lat' dir='ltr'><strong>animi</strong></span> <span class='ocrx_word' id='word_1_284' title='bbox 1635 2978 1811 3027; x_wconf 83' lang='lat' dir='ltr'><strong>vitalia</strong></span> <span class='ocrx_word' id='word_1_285' title='bbox 1847 2974 1978 3027; x_wconf 80' lang='lat' dir='ltr'><strong>vidit</strong></span> 
     </span>
    </p>

    <p class='ocr_par' dir='ltr' id='par_1_7' title="bbox 996 3040 2534 3125">
     <span class='ocr_line' id='line_1_31' title="bbox 996 3040 2534 3125; baseline 0.002 -15"><span class='ocrx_word' id='word_1_286' title='bbox 996 3062 1357 3125; x_wconf 84' lang='lat' dir='ltr'><strong>Laedendique</strong></span> <span class='ocrx_word' id='word_1_287' title='bbox 1395 3064 1514 3116; x_wconf 81' lang='lat' dir='ltr'><strong>vias,</strong></span> <span class='ocrx_word' id='word_1_288' title='bbox 1553 3064 1696 3113; x_wconf 88' lang='lat' dir='ltr'><strong>Vita</strong></span> <span class='ocrx_word' id='word_1_289' title='bbox 1730 3071 1828 3113; x_wconf 88' lang='lat' dir='ltr'><strong>est</strong></span> <span class='ocrx_word' id='word_1_290' title='bbox 1864 3040 2082 3113; x_wconf 64' lang='lat' dir='ltr'><strong>modo7c</strong></span> <span class='ocrx_word' id='word_1_291' title='bbox 2099 3063 2300 3123; x_wconf 81' lang='lat' dir='ltr'><strong>riman</strong></span> <span class='ocrx_word' id='word_1_292' title='bbox 2338 3064 2534 3113; x_wconf 80' lang='lat' dir='ltr'><strong>adulta.</strong></span> 
     </span>
    </p>

    <p class='ocr_par' dir='ltr' id='par_1_8' title="bbox 997 3147 2307 3213">
     <span class='ocr_line' id='line_1_32' title="bbox 997 3147 2307 3213; baseline 0.002 -19"><span class='ocrx_word' id='word_1_293' title='bbox 997 3147 1217 3195; x_wconf 83' lang='lat' dir='ltr'><strong>Nectere</strong></span> <span class='ocrx_word' id='word_1_294' title='bbox 1255 3150 1497 3199; x_wconf 86' lang='lat' dir='ltr'><strong>tendebat</strong></span> <span class='ocrx_word' id='word_1_295' title='bbox 1528 3149 1774 3212; x_wconf 86' lang='lat' dir='ltr'><strong>juvenum</strong></span> <span class='ocrx_word' id='word_1_296' title='bbox 1811 3148 2182 3213; x_wconf 87' lang='lat' dir='ltr'><strong>pulcherrimus</strong></span> <span class='ocrx_word' id='word_1_297' title='bbox 2221 3149 2307 3198; x_wconf 90' lang='lat' dir='ltr'><strong>ille</strong></span> 
     </span>
    </p>

    <p class='ocr_par' dir='ltr' id='par_1_9' title="bbox 997 3230 2218 3285">
     <span class='ocr_line' id='line_1_33' title="bbox 997 3230 2218 3285; baseline 0.002 -5"><span class='ocrx_word' id='word_1_298' title='bbox 997 3230 1124 3281; x_wconf 88' lang='lat' dir='ltr'><strong>Cum</strong></span> <span class='ocrx_word' id='word_1_299' title='bbox 1163 3234 1319 3283; x_wconf 88' lang='lat' dir='ltr'><strong>tribus</strong></span> <span class='ocrx_word' id='word_1_300' title='bbox 1356 3234 1495 3284; x_wconf 90' lang='lat' dir='ltr'><strong>Eleis</strong></span> <span class='ocrx_word' id='word_1_301' title='bbox 1535 3250 1685 3283; x_wconf 87' lang='lat' dir='ltr'><strong>unam</strong></span> <span class='ocrx_word' id='word_1_302' title='bbox 1723 3234 1984 3285; x_wconf 83' lang='lat' dir='ltr'><strong>trieterida</strong></span> <span class='ocrx_word' id='word_1_303' title='bbox 2019 3235 2218 3283; x_wconf 82' lang='lat' dir='ltr'><strong>lustris:</strong></span> 
     </span>
    </p>

    <p class='ocr_par' dir='ltr' id='par_1_10' title="bbox 687 3318 2830 4495">
     <span class='ocr_line' id='line_1_34' title="bbox 996 3318 2151 3369; baseline 0.003 -4"><span class='ocrx_word' id='word_1_304' title='bbox 996 3318 1229 3367; x_wconf 87' lang='lat' dir='ltr'><strong>Attendit</strong></span> <span class='ocrx_word' id='word_1_305' title='bbox 1265 3328 1411 3368; x_wconf 88' lang='lat' dir='ltr'><strong>torvo</strong></span> <span class='ocrx_word' id='word_1_306' title='bbox 1448 3320 1603 3368; x_wconf 81' lang='lat' dir='ltr'><strong>tristis</strong></span> <span class='ocrx_word' id='word_1_307' title='bbox 1643 3320 1954 3369; x_wconf 82' lang='lat' dir='ltr'><strong>Rhamnusia</strong></span> <span class='ocrx_word' id='word_1_308' title='bbox 1990 3321 2151 3369; x_wconf 90' lang='lat' dir='ltr'><strong>vultu.</strong></span> 
     </span>
     <span class='ocr_line' id='line_1_35' title="bbox 691 3403 2827 3465; baseline 0 -11"><span class='ocrx_word' id='word_1_309' title='bbox 691 3405 762 3454; x_wconf 87' lang='lat' dir='ltr'><strong>Ut</strong></span> <span class='ocrx_word' id='word_1_310' title='bbox 796 3412 873 3454; x_wconf 82' lang='lat' dir='ltr'><strong>est</strong></span> <span class='ocrx_word' id='word_1_311' title='bbox 915 3405 967 3455; x_wconf 91' lang='lat' dir='ltr'><strong>in</strong></span> <span class='ocrx_word' id='word_1_312' title='bbox 1012 3403 1300 3455; x_wconf 88' lang='lat' dir='ltr'><strong>Achilleide</strong></span> <span class='ocrx_word' id='word_1_313' title='bbox 1336 3405 1407 3455; x_wconf 91' lang='lat'><strong>11.</strong></span> <span class='ocrx_word' id='word_1_314' title='bbox 1446 3406 1573 3456; x_wconf 84' lang='lat'><strong>331:</strong></span> <span class='ocrx_word' id='word_1_315' title='bbox 1614 3406 1906 3465; x_wconf 86' lang='lat' dir='ltr'><strong>.indecores,</strong></span> <span class='ocrx_word' id='word_1_316' title='bbox 1963 3404 2238 3457; x_wconf 83' lang='lat' dir='ltr'><strong>fatorum</strong></span> <span class='ocrx_word' id='word_1_317' title='bbox 2295 3405 2588 3465; x_wconf 85' lang='lat' dir='ltr'><strong>crimina,</strong></span> <span class='ocrx_word' id='word_1_318' title='bbox 2646 3404 2827 3456; x_wconf 78' lang='lat' dir='ltr'><strong>cultus,</strong></span> 
     </span>
     <span class='ocr_line' id='line_1_36' title="bbox 690 3490 2830 3553; baseline 0 -13"><span class='ocrx_word' id='word_1_319' title='bbox 690 3491 835 3540; x_wconf 90' lang='lat' dir='ltr'><strong>Ovid.</strong></span> <span class='ocrx_word' id='word_1_320' title='bbox 875 3490 999 3541; x_wconf 88' lang='lat' dir='ltr'><strong>Met.</strong></span> <span class='ocrx_word' id='word_1_321' title='bbox 1038 3490 1134 3540; x_wconf 91' lang='lat'><strong>111.</strong></span> <span class='ocrx_word' id='word_1_322' title='bbox 1176 3492 1296 3539; x_wconf 88' lang='lat'>141:</span> <span class='ocrx_word' id='word_1_323' title='bbox 1334 3490 1642 3540; x_wconf 85' lang='lat' dir='ltr'><strong>Fortunae</strong></span> <span class='ocrx_word' id='word_1_324' title='bbox 1679 3491 1920 3540; x_wconf 87' lang='lat' dir='ltr'><strong>crimen</strong></span> <span class='ocrx_word' id='word_1_325' title='bbox 1954 3492 2004 3540; x_wconf 91' lang='lat' dir='ltr'><strong>in</strong></span> <span class='ocrx_word' id='word_1_326' title='bbox 2043 3492 2159 3553; x_wconf 81' lang='lat' dir='ltr'><strong>illo,</strong></span> <span class='ocrx_word' id='word_1_327' title='bbox 2195 3491 2313 3543; x_wconf 77' lang='lat' dir='ltr'><strong>Non</strong></span> <span class='ocrx_word' id='word_1_328' title='bbox 2349 3492 2517 3541; x_wconf 85' lang='lat' dir='ltr'><strong>scelus</strong></span> <span class='ocrx_word' id='word_1_329' title='bbox 2551 3490 2830 3540; x_wconf 87' lang='lat' dir='ltr'><strong>invenies.“</strong></span> 
     </span>
     <span class='ocr_line' id='line_1_37' title="bbox 690 3574 2828 3647; baseline -0.001 -20"><span class='ocrx_word' id='word_1_330' title='bbox 690 3578 843 3628; x_wconf 86' lang='lat' dir='ltr'><strong>Trist.</strong></span> <span class='ocrx_word' id='word_1_331' title='bbox 881 3577 976 3626; x_wconf 90' lang='lat' dir='ltr'><strong>IV.</strong></span> <span class='ocrx_word' id='word_1_332' title='bbox 1008 3579 1061 3639; x_wconf 83' lang='lat'><strong>4,</strong></span> <span class='ocrx_word' id='word_1_333' title='bbox 1101 3579 1191 3627; x_wconf 83' lang='lat'><strong>25:</strong></span> <span class='ocrx_word' id='word_1_334' title='bbox 1250 3576 1365 3637; x_wconf 73' lang='lat' dir='ltr'><strong>Quo</strong></span> <span class='ocrx_word' id='word_1_335' title='bbox 1420 3592 1626 3627; x_wconf 81' lang='lat' dir='ltr'><strong>vereare</strong></span> <span class='ocrx_word' id='word_1_336' title='bbox 1663 3578 1855 3647; x_wconf 80' lang='lat' dir='ltr'><strong>minus,</strong></span> <span class='ocrx_word' id='word_1_337' title='bbox 1909 3592 1973 3625; x_wconf 89' lang='lat' dir='ltr'><strong>ne</strong></span> <span class='ocrx_word' id='word_1_338' title='bbox 2029 3579 2138 3629; x_wconf 89' lang='lat' dir='ltr'><strong>sim</strong></span> <span class='ocrx_word' id='word_1_339' title='bbox 2182 3574 2274 3627; x_wconf 86' lang='lat' dir='ltr'><strong>tibi</strong></span> <span class='ocrx_word' id='word_1_340' title='bbox 2312 3578 2554 3627; x_wconf 86' lang='lat' dir='ltr'><strong>crimen</strong></span> <span class='ocrx_word' id='word_1_341' title='bbox 2591 3576 2828 3625; x_wconf 77' lang='lat' dir='ltr'><strong>amicu8.“</strong></span> 
     </span>
     <span class='ocr_line' id='line_1_38' title="bbox 690 3660 2828 3729; baseline -0.001 -16"><span class='ocrx_word' id='word_1_342' title='bbox 690 3663 912 3714; x_wconf 80' lang='lat' dir='ltr'><strong>Martinl.</strong></span> <span class='ocrx_word' id='word_1_343' title='bbox 950 3663 1045 3712; x_wconf 91' lang='lat' dir='ltr'><strong>IV.</strong></span> <span class='ocrx_word' id='word_1_344' title='bbox 1083 3665 1163 3729; x_wconf 86' lang='lat'><strong>63,</strong></span> <span class='ocrx_word' id='word_1_345' title='bbox 1204 3666 1259 3714; x_wconf 82' lang='lat'><strong>2:</strong></span> <span class='ocrx_word' id='word_1_346' title='bbox 1298 3661 1500 3722; x_wconf 86' lang='lat' dir='ltr'><strong>Occidit</strong></span> <span class='ocrx_word' id='word_1_347' title='bbox 1535 3663 1700 3713; x_wconf 84' lang='lat' dir='ltr'><strong>insani</strong></span> <span class='ocrx_word' id='word_1_348' title='bbox 1739 3665 1948 3712; x_wconf 87' lang='lat' dir='ltr'><strong>erimine</strong></span> <span class='ocrx_word' id='word_1_349' title='bbox 1987 3679 2148 3713; x_wconf 89' lang='lat' dir='ltr'><strong>mersa</strong></span> <span class='ocrx_word' id='word_1_350' title='bbox 2185 3662 2389 3713; x_wconf 80' lang='lat' dir='ltr'><strong>freti.“</strong></span> <span class='ocrx_word' id='word_1_351' title='bbox 2461 3660 2594 3711; x_wconf 84' lang='lat' dir='ltr'><strong>Cort.</strong></span> <span class='ocrx_word' id='word_1_352' title='bbox 2632 3661 2828 3711; x_wconf 86' lang='lat' dir='ltr'><strong>Lucan.</strong></span> 
     </span>
     <span class='ocr_line' id='line_1_39' title="bbox 691 3747 2824 3813; baseline 0 -16"><span class='ocrx_word' id='word_1_353' title='bbox 691 3750 837 3800; x_wconf 82' lang='lat' dir='ltr'><strong>vm.</strong></span> <span class='ocrx_word' id='word_1_354' title='bbox 879 3752 940 3800; x_wconf 82' lang='lat'><strong>55</strong></span> <span class='ocrx_word' id='word_1_355' title='bbox 980 3766 1027 3813; x_wconf 87' lang='lat' dir='ltr'><strong>p.</strong></span> <span class='ocrx_word' id='word_1_356' title='bbox 1069 3751 1182 3799; x_wconf 87' lang='grc'>283.</span> <span class='ocrx_word' id='word_1_357' title='bbox 1260 3750 1420 3800; x_wconf 85' lang='lat' dir='ltr'><strong>Drak.</strong></span> <span class='ocrx_word' id='word_1_358' title='bbox 1476 3750 1562 3803; x_wconf 87' lang='lat' dir='ltr'><strong>Sil.</strong></span> <span class='ocrx_word' id='word_1_359' title='bbox 1614 3749 1708 3798; x_wconf 88' lang='lat' dir='ltr'><strong>VI.</strong></span> <span class='ocrx_word' id='word_1_360' title='bbox 1759 3751 1824 3798; x_wconf 79' lang='lat'><strong>84</strong></span> <span class='ocrx_word' id='word_1_361' title='bbox 1869 3766 1918 3813; x_wconf 91' lang='lat' dir='ltr'><strong>p.</strong></span> <span class='ocrx_word' id='word_1_362' title='bbox 1959 3752 2074 3800; x_wconf 80' lang='lat'><strong>294.</strong></span> <span class='ocrx_word' id='word_1_363' title='bbox 2146 3751 2317 3799; x_wconf 90' lang='lat' dir='ltr'><strong>Burm.</strong></span> <span class='ocrx_word' id='word_1_364' title='bbox 2375 3750 2526 3811; x_wconf 86' lang='lat' dir='ltr'><strong>Prop.</strong></span> <span class='ocrx_word' id='word_1_365' title='bbox 2564 3747 2635 3807; x_wconf 83' lang='lat'><strong>11,</strong></span> <span class='ocrx_word' id='word_1_366' title='bbox 2674 3749 2755 3807; x_wconf 79' lang='lat'><strong>21,</strong></span> <span class='ocrx_word' id='word_1_367' title='bbox 2795 3749 2824 3797; x_wconf 92' lang='grc'>2</span> 
     </span>
     <span class='ocr_line' id='line_1_40' title="bbox 688 3832 2823 3901; baseline -0.002 -15"><span class='ocrx_word' id='word_1_368' title='bbox 688 3839 872 3900; x_wconf 82' lang='lat' dir='ltr'><strong>p.410,</strong></span> <span class='ocrx_word' id='word_1_369' title='bbox 912 3837 1092 3900; x_wconf 85' lang='lat' dir='ltr'><strong>quibus</strong></span> <span class='ocrx_word' id='word_1_370' title='bbox 1129 3850 1339 3900; x_wconf 86' lang='lat' dir='ltr'><strong>propter</strong></span> <span class='ocrx_word' id='word_1_371' title='bbox 1378 3837 1532 3901; x_wconf 85' lang='lat' dir='ltr'><strong>Prop.</strong></span> <span class='ocrx_word' id='word_1_372' title='bbox 1557 3837 1593 3888; x_wconf 88' lang='lat'><strong>1.</strong></span> <span class='ocrx_word' id='word_1_373' title='bbox 1619 3838 1700 3896; x_wconf 85' lang='lat'><strong>17,</strong></span> <span class='ocrx_word' id='word_1_374' title='bbox 1722 3838 1787 3885; x_wconf 84' lang='lat'><strong>30</strong></span> <span class='ocrx_word' id='word_1_375' title='bbox 1825 3838 1900 3885; x_wconf 87' lang='lat' dir='ltr'><strong>sic</strong></span> <span class='ocrx_word' id='word_1_376' title='bbox 1937 3846 2244 3885; x_wconf 87' lang='lat' dir='ltr'><strong>correctum:</strong></span> <span class='ocrx_word' id='word_1_377' title='bbox 2281 3834 2368 3882; x_wconf 89' lang='lat' dir='ltr'><strong>Ah</strong></span> <span class='ocrx_word' id='word_1_378' title='bbox 2405 3842 2617 3897; x_wconf 86' lang='lat' dir='ltr'><strong>pereant</strong></span> <span class='ocrx_word' id='word_1_379' title='bbox 2649 3832 2823 3894; x_wconf 84' lang='lat' dir='ltr'><strong>Bajae.</strong></span> 
     </span>
     <span class='ocr_line' id='line_1_41' title="bbox 690 3915 2826 3985; baseline -0.003 -15"><span class='ocrx_word' id='word_1_380' title='bbox 690 3920 942 3970; x_wconf 87' lang='lat' dir='ltr'><strong>Crimen</strong></span> <span class='ocrx_word' id='word_1_381' title='bbox 981 3923 1211 3971; x_wconf 82' lang='lat' dir='ltr'><strong>amoris</strong></span> <span class='ocrx_word' id='word_1_382' title='bbox 1250 3923 1446 3985; x_wconf 80' lang='lat' dir='ltr'><strong>aquae“</strong></span> <span class='ocrx_word' id='word_1_383' title='bbox 1486 3922 1589 3971; x_wconf 83' lang='lat' dir='ltr'><strong>alia</strong></span> <span class='ocrx_word' id='word_1_384' title='bbox 1627 3922 1922 3983; x_wconf 80' lang='lat' dir='ltr'><strong>adjiciemus</strong></span> <span class='ocrx_word' id='word_1_385' title='bbox 1949 3922 2000 3969; x_wconf 88' lang='lat' dir='ltr'><strong>in</strong></span> <span class='ocrx_word' id='word_1_386' title='bbox 2029 3921 2243 3970; x_wconf 84' lang='lat' dir='ltr'><strong>Emend.</strong></span> <span class='ocrx_word' id='word_1_387' title='bbox 2264 3920 2418 3982; x_wconf 86' lang='lat' dir='ltr'><strong>Prop.</strong></span> <span class='ocrx_word' id='word_1_388' title='bbox 2439 3917 2631 3969; x_wconf 87' lang='lat' dir='ltr'><strong>V11.3.</strong></span> <span class='ocrx_word' id='word_1_389' title='bbox 2685 3915 2826 3966; x_wconf 85' lang='lat' dir='ltr'><strong>Ordo</strong></span> 
     </span>
     <span class='ocr_line' id='line_1_42' title="bbox 688 4002 2826 4071; baseline -0.001 -18"><span class='ocrx_word' id='word_1_390' title='bbox 688 4016 855 4053; x_wconf 86' lang='lat' dir='ltr'><strong>autem</strong></span> <span class='ocrx_word' id='word_1_391' title='bbox 892 4008 1161 4055; x_wconf 83' lang='lat' dir='ltr'><strong>verborum</strong></span> <span class='ocrx_word' id='word_1_392' title='bbox 1199 4006 1331 4054; x_wconf 84' lang='lat' dir='ltr'><strong>idem</strong></span> <span class='ocrx_word' id='word_1_393' title='bbox 1366 4006 1590 4055; x_wconf 86' lang='lat' dir='ltr'><strong>cernitur</strong></span> <span class='ocrx_word' id='word_1_394' title='bbox 1628 4008 1761 4071; x_wconf 87' lang='lat' dir='ltr'><strong>apud</strong></span> <span class='ocrx_word' id='word_1_395' title='bbox 1801 4004 2142 4055; x_wconf 81' lang='lat' dir='ltr'><strong>Claudianum</strong></span> <span class='ocrx_word' id='word_1_396' title='bbox 2179 4006 2322 4059; x_wconf 78' lang='lat' dir='ltr'><strong>Eutr,</strong></span> <span class='ocrx_word' id='word_1_397' title='bbox 2355 4004 2426 4055; x_wconf 90' lang='lat'><strong>11.</strong></span> <span class='ocrx_word' id='word_1_398' title='bbox 2466 4006 2592 4052; x_wconf 84' lang='lat'>202:</span> <span class='ocrx_word' id='word_1_399' title='bbox 2629 4004 2715 4052; x_wconf 87' lang='lat' dir='ltr'><strong>Me</strong></span> <span class='ocrx_word' id='word_1_400' title='bbox 2752 4002 2826 4051; x_wconf 86' lang='lat' dir='ltr'><strong>ni—</strong></span> 
     </span>
     <span class='ocr_line' id='line_1_43' title="bbox 689 4088 2827 4155; baseline -0 -18"><span class='ocrx_word' id='word_1_401' title='bbox 689 4091 840 4139; x_wconf 89' lang='lat' dir='ltr'><strong>mium</strong></span> <span class='ocrx_word' id='word_1_402' title='bbox 879 4092 1068 4149; x_wconf 89' lang='lat' dir='ltr'><strong>timido,</strong></span> <span class='ocrx_word' id='word_1_403' title='bbox 1105 4092 1361 4140; x_wconf 89' lang='lat' dir='ltr'><strong>nimium</strong></span> <span class='ocrx_word' id='word_1_404' title='bbox 1391 4090 1615 4155; x_wconf 81' lang='lat' dir='ltr'><strong>junxere</strong></span> <span class='ocrx_word' id='word_1_405' title='bbox 1654 4093 1918 4141; x_wconf 85' lang='lat' dir='ltr'><strong>remisso</strong></span> <span class='ocrx_word' id='word_1_406' title='bbox 1954 4091 2086 4141; x_wconf 79' lang='lat' dir='ltr'><strong>Fata</strong></span> <span class='ocrx_word' id='word_1_407' title='bbox 2120 4091 2278 4139; x_wconf 81' lang='lat' dir='ltr'><strong>viro.“</strong></span> <span class='ocrx_word' id='word_1_408' title='bbox 2315 4090 2522 4141; x_wconf 82' lang='lat' dir='ltr'><strong>Terent.</strong></span> <span class='ocrx_word' id='word_1_409' title='bbox 2564 4088 2688 4139; x_wconf 83' lang='lat' dir='ltr'><strong>Hec.</strong></span> <span class='ocrx_word' id='word_1_410' title='bbox 2727 4088 2827 4137; x_wconf 86' lang='lat'><strong>111.</strong></span> 
     </span>
     <span class='ocr_line' id='line_1_44' title="bbox 692 4172 2825 4241; baseline -0 -18"><span class='ocrx_word' id='word_1_411' title='bbox 692 4178 735 4233; x_wconf 85' lang='lat'><strong>1,</strong></span> <span class='ocrx_word' id='word_1_412' title='bbox 758 4177 847 4223; x_wconf 82' lang='lat'><strong>26:</strong></span> <span class='ocrx_word' id='word_1_413' title='bbox 886 4177 1021 4224; x_wconf 90' lang='lat' dir='ltr'><strong>unde</strong></span> <span class='ocrx_word' id='word_1_414' title='bbox 1058 4178 1133 4225; x_wconf 88' lang='lat' dir='ltr'><strong>ira</strong></span> <span class='ocrx_word' id='word_1_415' title='bbox 1168 4178 1296 4225; x_wconf 85' lang='lat' dir='ltr'><strong>inter</strong></span> <span class='ocrx_word' id='word_1_416' title='bbox 1332 4191 1415 4223; x_wconf 75' lang='lat' dir='ltr'><strong>eas</strong></span> <span class='ocrx_word' id='word_1_417' title='bbox 1452 4176 1752 4235; x_wconf 71' lang='lat' dir='ltr'><strong>intercessit,</strong></span> <span class='ocrx_word' id='word_1_418' title='bbox 1790 4192 1918 4239; x_wconf 84' lang='lat' dir='ltr'><strong>quae</strong></span> <span class='ocrx_word' id='word_1_419' title='bbox 1954 4184 2074 4226; x_wconf 85' lang='lat' dir='ltr'><strong>tam</strong></span> <span class='ocrx_word' id='word_1_420' title='bbox 2109 4176 2385 4241; x_wconf 84' lang='lat' dir='ltr'><strong>permansit</strong></span> <span class='ocrx_word' id='word_1_421' title='bbox 2408 4173 2544 4225; x_wconf 86' lang='lat' dir='ltr'><strong>diu.“</strong></span> <span class='ocrx_word' id='word_1_422' title='bbox 2580 4172 2734 4236; x_wconf 82' lang='lat' dir='ltr'><strong>Prop.</strong></span> <span class='ocrx_word' id='word_1_423' title='bbox 2757 4172 2825 4222; x_wconf 87' lang='lat'><strong>11.</strong></span> 
     </span>
     <span class='ocr_line' id='line_1_45' title="bbox 690 4258 2826 4327; baseline 0 -19"><span class='ocrx_word' id='word_1_424' title='bbox 690 4263 769 4319; x_wconf 90' lang='grc'><strong>20,</strong></span> <span class='ocrx_word' id='word_1_425' title='bbox 808 4262 897 4310; x_wconf 84' lang='lat'><strong>21:</strong></span> <span class='ocrx_word' id='word_1_426' title='bbox 936 4262 1257 4321; x_wconf 82' lang='lat' dir='ltr'><strong>admirentur,</strong></span> <span class='ocrx_word' id='word_1_427' title='bbox 1298 4261 1433 4323; x_wconf 87' lang='lat' dir='ltr'><strong>quod</strong></span> <span class='ocrx_word' id='word_1_428' title='bbox 1471 4269 1587 4309; x_wconf 79' lang='lat' dir='ltr'><strong>tam</strong></span> <span class='ocrx_word' id='word_1_429' title='bbox 1627 4262 1751 4309; x_wconf 90' lang='lat' dir='ltr'><strong>mihi</strong></span> <span class='ocrx_word' id='word_1_430' title='bbox 1787 4258 2068 4327; x_wconf 83' lang='lat' dir='ltr'><strong>pulchra</strong></span> <span class='ocrx_word' id='word_1_431' title='bbox 2103 4262 2278 4325; x_wconf 84' lang='lat' dir='ltr'><strong>puella</strong></span> <span class='ocrx_word' id='word_1_432' title='bbox 2313 4259 2528 4311; x_wconf 84' lang='lat' dir='ltr'><strong>Serviat.</strong></span> <span class='ocrx_word' id='word_1_433' title='bbox 2565 4259 2654 4311; x_wconf 89' lang='lat' dir='ltr'><strong>Sil.</strong></span> <span class='ocrx_word' id='word_1_434' title='bbox 2676 4260 2826 4309; x_wconf 85' lang='lat' dir='ltr'><strong>XIV.</strong></span> 
     </span>
     <span class='ocr_line' id='line_1_46' title="bbox 687 4344 2826 4410; baseline 0.002 -18"><span class='ocrx_word' id='word_1_435' title='bbox 687 4346 802 4393; x_wconf 80' lang='lat'><strong>425.</strong></span> <span class='ocrx_word' id='word_1_436' title='bbox 862 4344 984 4393; x_wconf 87' lang='lat' dir='ltr'><strong>Hor.</strong></span> <span class='ocrx_word' id='word_1_437' title='bbox 1025 4346 1127 4395; x_wconf 77' lang='lat' dir='ltr'><strong>Sat.</strong></span> <span class='ocrx_word' id='word_1_438' title='bbox 1166 4346 1206 4396; x_wconf 94' lang='lat' dir='ltr'><strong>I.</strong></span> <span class='ocrx_word' id='word_1_439' title='bbox 1250 4349 1293 4407; x_wconf 87' lang='lat'><strong>1,</strong></span> <span class='ocrx_word' id='word_1_440' title='bbox 1335 4348 1393 4393; x_wconf 87' lang='grc'><strong>71</strong></span> <span class='ocrx_word' id='word_1_441' title='bbox 1435 4354 1482 4394; x_wconf 88' lang='lat' dir='ltr'><strong>et</strong></span> <span class='ocrx_word' id='word_1_442' title='bbox 1518 4363 1622 4406; x_wconf 87' lang='lat' dir='ltr'><strong>eos,</strong></span> <span class='ocrx_word' id='word_1_443' title='bbox 1661 4362 1786 4409; x_wconf 86' lang='lat' dir='ltr'><strong>quos</strong></span> <span class='ocrx_word' id='word_1_444' title='bbox 1821 4348 2098 4397; x_wconf 78' lang='lat' dir='ltr'><strong>nominavit</strong></span> <span class='ocrx_word' id='word_1_445' title='bbox 2119 4346 2313 4395; x_wconf 84' lang='lat' dir='ltr'><strong>Axtius</strong></span> <span class='ocrx_word' id='word_1_446' title='bbox 2334 4346 2570 4410; x_wconf 82' lang='lat' dir='ltr'><strong>Spurinn.</strong></span> <span class='ocrx_word' id='word_1_447' title='bbox 2596 4363 2644 4410; x_wconf 89' lang='lat' dir='ltr'><strong>p.</strong></span> <span class='ocrx_word' id='word_1_448' title='bbox 2667 4346 2730 4397; x_wconf 87' lang='grc'><strong>99</strong></span> <span class='ocrx_word' id='word_1_449' title='bbox 2751 4360 2826 4407; x_wconf 79' lang='lat' dir='ltr'><strong>sq.</strong></span> 
     </span>
     <span class='ocr_line' id='line_1_47' title="bbox 688 4428 2825 4495; baseline 0 -17"><span class='ocrx_word' id='word_1_450' title='bbox 688 4431 920 4495; x_wconf 78' lang='lat' dir='ltr'><strong>Denique</strong></span> <span class='ocrx_word' id='word_1_451' title='bbox 960 4446 1051 4479; x_wconf 80' lang='lat' dir='ltr'><strong>nce</strong></span> <span class='ocrx_word' id='word_1_452' title='bbox 1090 4446 1341 4480; x_wconf 83' lang='lat' dir='ltr'><strong>carmen</strong></span> <span class='ocrx_word' id='word_1_453' title='bbox 1378 4432 1429 4479; x_wconf 90' lang='lat' dir='ltr'><strong>in</strong></span> <span class='ocrx_word' id='word_1_454' title='bbox 1469 4433 1704 4481; x_wconf 87' lang='lat' dir='ltr'><strong>crimen</strong></span> <span class='ocrx_word' id='word_1_455' title='bbox 1739 4441 2034 4485; x_wconf 80' lang='lat' dir='ltr'><strong>convertere</strong></span> <span class='ocrx_word' id='word_1_456' title='bbox 2071 4431 2228 4481; x_wconf 89' lang='lat' dir='ltr'><strong>ullius</strong></span> <span class='ocrx_word' id='word_1_457' title='bbox 2265 4432 2456 4495; x_wconf 88' lang='lat' dir='ltr'><strong>negotii</strong></span> <span class='ocrx_word' id='word_1_458' title='bbox 2483 4440 2558 4481; x_wconf 87' lang='lat' dir='ltr'><strong>est</strong></span> <span class='ocrx_word' id='word_1_459' title='bbox 2591 4428 2711 4493; x_wconf 86' lang='lat' dir='ltr'><strong>(vid.</strong></span> <span class='ocrx_word' id='word_1_460' title='bbox 2735 4431 2825 4479; x_wconf 85' lang='lat' dir='ltr'><strong>ad-</strong></span> 
     </span>
    </p>
   </div>
  </div>
 </body>
</html>
