3234 4967
1271 400 1565 464 Conject.
1602 400 1698 449 IX.
2462 398 2556 448 191

418 580 677 637 funerum,
723 591 935 641 quorum
978 575 1096 623 urbs
1151 573 1307 638 Troja
1353 578 1532 622 auctor
1580 571 1772 632 fuerat,
1827 571 2178 621 recordatione
2237 569 2558 621 infestissime

420 646 657 713 irritatus*
690 662 1135 725 etcxacerbatus:
1810 714 1821 727 ⁸

936 748 1212 795 Hectoreos
1250 744 1457 794 crines
1495 744 1802 807 Trojamque
1837 758 2060 807 perosus,

423 835 507 883 Ad
548 848 699 898 quam
736 847 910 881 vocem
950 832 1252 881 abolendam
1290 831 1507 879 valuisse
1542 830 1744 877 videtur
1785 828 2024 877 memoria
2060 842 2236 876 versus
2278 828 2399 875 147:
2447 826 2557 873 cri-

425 934 557 969 nem
600 926 732 967 tenet
766 915 929 967 infera
963 917 1152 967 Juno.“
1212 917 1465 979 Adjiciam
1506 916 1648 979 quasi
1689 914 2002 979 praeteriens
2027 911 2384 974 Peerlkampio
2405 908 2554 972 Vix-g.

424 1005 557 1053 Aen.
597 1002 659 1055 V.
700 1004 825 1052 634:
861 1003 1224 1051 Hectoreos
1262 1018 1450 1063 amnesi,
1486 1002 1749 1051 Xanthum
1789 1006 1837 1047 ct
1873 996 2160 1048 Simoenta“
2200 1011 2385 1045 nomen
2419 994 2558 1043 Hec-

420 1090 541 1139 toris
590 1088 803 1137 mutanti
850 1087 1095 1151 refragari
1134 1085 1347 1135 Statium
1391 1087 1582 1138 Achill.
1622 1088 1690 1137 ΙΙ.
1731 1088 1854 1135 330:
1899 1085 1950 1132 in
1987 1082 2311 1131 Hectorea
2349 1106 2408 1117 --—
2448 1098 2560 1129 ora

420 1174 633 1222 Electus
669 1170 859 1221 formae
896 1172 1169 1221 certamina
1204 1172 1400 1221 solvere
1426 1170 1645 1237 pastor.“
1703 1169 2036 1219 Prudentium
2064 1182 2104 1215 c.
2134 1168 2321 1233 Symm.
2340 1166 2408 1216 11.
2432 1166 2557 1216 343:

423 1257 700 1322 Sanguinis
724 1258 962 1307 Hector
976 1258 1031 1319 ehi
1066 1258 1359 1322 populum.“
1420 1256 1602 1305 Silium
1631 1257 1782 1306 XIV.
1813 1256 1934 1305 205:
1969 1252 2190 1312 Entella,
2227 1252 2558 1301 Hectoreo

424 1346 666 1395 dilectum
707 1358 889 1393 nomen
928 1342 1191 1392 Acestae“
1232 1340 1323 1405 (cf.
1365 1344 1490 1391 22οε
1541 1341 1872 1405 Trojanaque
1917 1339 2056 1388 venit
2091 1337 2382 1404 Acesta‘y,
2433 1350 2556 1400 quos

420 1431 564 1480 locos
612 1430 888 1480 omiserunt
932 1428 1214 1477 Palmerius
1249 1428 1395 1477 Misc.
1434 1424 1577 1477 Obss.
1617 1426 1713 1477 IX.
1751 1444 1797 1492 p.
1836 1426 1936 1477 458
1985 1433 2035 1475 et
2070 1425 2390 1473 Burmannus
2428 1422 2555 1473 Anu.

422 1515 486 1567 V.
525 1516 591 1565 45
629 1530 681 1579 p.
718 1514 819 1563 604
855 1520 905 1561 et
940 1512 981 1560 1.
1020 1514 1117 1562 272
1154 1528 1199 1577 p.
1245 1513 1322 1565 85.
1393 1512 1632 1577 Denique
1667 1514 1752 1573 iis,
1787 1526 1918 1577 quae
1956 1524 2110 1575 supra
2148 1509 2339 1558 adnott.
2377 1504 2556 1569 Eclog.

418 1617 466 1649 v.
494 1602 554 1649 17
576 1600 710 1649 et13
746 1598 950 1663 protuli,
988 1598 1393 1663 supplementum
1431 1599 1527 1649 hoc
1566 1597 1784 1647 scribere
1821 1596 1970 1646 libet:
2007 1596 2057 1643 in
2097 1591 2370 1655 Quintil.
2407 1589 2554 1639 Decl.

424 1684 489 1737 V.
531 1686 592 1733 17
630 1700 676 1749 p.
724 1687 841 1734 120:
879 1700 967 1734 cur
1005 1685 1254 1733 ardenti
1292 1699 1395 1733 non
1432 1683 1738 1732 divellantur
1771 1681 2082 1747 amplexu?“
2131 1678 2364 1741 (ardente
2401 1690 2556 1739 rogo

423 1770 504 1819 vel
542 1770 782 1819 ardentis
820 1769 1024 1832 Burm.)
1066 1765 1224 1819 videri
1269 1769 1577 1818 intercidisse
1627 1754 1800 1817 {vocem
1847 1761 2114 1815 cineris:
2159 1778 2268 1813 cur
2314 1761 2556 1811 cineris

424 1856 655 1905 ardentis
690 1870 792 1904 non
831 1856 1139 1906 divellantur
1175 1855 1461 1920 amplexu.“
1502 1842 1508 1847 ⁸
1600 1848 1609 1857 ⁵

556 1941 691 1991 Hinc
722 1941 827 2005 jam
866 1941 1004 1991 abire
1042 1942 1105 1989 ad
1144 1942 1508 2006 pertexendam
1548 1955 1655 1988 eam
1693 1953 1798 1988 rem
1835 1939 1984 1998 licet,
2031 1950 2186 2001 quam
2223 1948 2375 1999 supra
2411 1933 2435 1982 ῐ
2480 1932 2556 1981 in·
2638 1942 2645 1949 ·

419 2028 733 2077 vhoavimus.
806 2027 1011 2075 Etenim
1050 2026 1118 2075 ΙΙ.
1159 2028 1203 2089 2,
1244 2028 1339 2076 147
1358 2026 1501 2083 „hacc
1538 2026 1788 2074 scribendi
1824 2023 1982 2073 ratio:

830 2114 1030 2177 Tuque,
1066 2126 1229 2161 nurus
1264 2112 1397 2161 inter
1434 2110 1586 2174 long'e
1623 2110 1980 2175 pulcherrima,
2018 2108 2184 2172 cujus·

826 2197 945 2247 Non
982 2196 1199 2247 frontem
1234 2203 1489 2245 vertere
1528 2196 1692 2244 minae

422 2286 549 2333 ndco
587 2282 883 2347 praevaluit,
922 2291 977 2332 ut
1010 2298 1113 2332 una
1142 2282 1249 2347 jam
1289 2264 1354 2331 sit
1389 2280 1648 2345 frequens.
1689 2280 1957 2329 ImmeritO.
1997 2280 2154 2340 Quod
2191 2278 2321 2326 enim
2357 2276 2406 2324 in
2430 2274 2554 2324 Par-

424 2370 581 2419 mensi
620 2370 842 2418 editione
886 2376 935 2417 et
982 2369 1241 2417 codicibus
1279 2368 1507 2417 Parisino
1563 2367 1861 2430 duobusque
1897 2366 2160 2414 Vaticanis
2214 2371 2290 2413 est
2341 2362 2554 2409 visere

423 2454 610 2519 (‚‚f0rtc
647 2471 743 2519 pro
781 2457 1023 2504 duxere
1058 2454 1137 2503 vel
1178 2452 1688 2503 laesere‘fHeins.
1729 2450 1874 2501 Ovid.
1915 2451 2035 2500 Her.
2073 2446 2225 2501 XXI.
2259 2448 2552 2515 165‚p.315

422 2541 487 2591 cf.
526 2540 685 2606 Epist.
724 2542 791 2589 ad
826 2540 1089 2589 Falconer.
1129 2535 1524 2603 CCCCLXIp.
1548 2536 1690 2601 534),
1729 2539 1779 2587 in
1818 2538 2178 2601 Rehdigerano
2218 2542 2270 2583 et
2303 2549 2409 2583 uno
2446 2532 2552 2580 Va-

422 2629 591 2677 ticano
627 2642 890 2677 vescere
930 2623 1015 2688 (cf.
1055 2624 1165 2673 Liv.
1204 2624 1243 2673 Ι.
1282 2625 1363 2682 31,
1402 2626 1455 2673 2:
1494 2624 1803 2673 visendum
1841 2624 2143 2689 prodigium.
2183 2620 2389 2685 Portu-g.
2428 2618 2550 2667 vis·

423 2710 679 2775 cendum),
716 2713 765 2761 id
805 2710 957 2759 facile
995 2709 1295 2774 perspicitur
1332 2710 1451 2757 olim
1488 2708 1644 2759 fuisse
1681 2708 1982 2760 insed⁶rez

726 2796 839 2845 Non
874 2796 1105 2845 frontem
1142 2796 1405 2843 insedere
1442 2796 1617 2848 minae.

425 2882 570 2943 Quod
612 2882 852 2945 loquendi
892 2890 1053 2945 genus
1091 2880 1305 2929 maxime
1342 2890 1609 2946 receptum.
1686 2882 1808 2931 silv.
1848 2880 1912 2929 ΙΙ.
1949 2881 1997 2939 3,
2032 2881 2124 2929 64:
2171 2878 2316 2942 cujus
2349 2878 2552 2942 placido

420 2982 687 3033 posuere
726 2968 787 3016 in
824 2976 1094 3031 pectore
1140 2965 1343 3015 sedem
1384 2967 1611 3017 Blandus
1660 2968 1861 3017 honos
1917 2966 2164 3029 hilarique
2217 2971 2385 3013 tamen
2439 2978 2552 3010 cum

419 3054 648 3119 pondere
684 3053 897 3102 virtus.“
966 3053 1075 3103 Inc.
1112 3050 1282 3114 Epith.
1321 3052 1475 3102 Laur,
1521 3060 1570 3101 et
1606 3052 1734 3105 Mar.
1771 3054 1862 3101 40:
1909 3050 2130 3100 Musca
2168 3049 2266 3098 tuis
2313 3043 2553 3096 insedit

422 3155 571 3188 cura
626 3139 907 3188 medullis.“
987 3138 1074 3189 Sil.
1114 3137 1209 3187 VI.
1254 3140 1380 3188 428:
1444 3138 1701 3201 frontique
1757 3152 1898 3186 coma
1951 3134 2236 3200 squallente
2293 3133 2552 3182 sedebat

420 3220 685 3273 Terribilis
722 3225 957 3276 decor“
994 3223 1081 3287 (cf.
1124 3223 1269 3274 Ovid.
1307 3224 1431 3277 Met.
1470 3223 1539 3273 ΙΙ.
1580 3226 1706 3275 775:
1763 3223 1978 3271 Pallor
2012 3222 2063 3271 iu
2103 3237 2190 3271 ore
2239 3220 2463 3270 sedet“
2502 3227 2553 3269 et

424 3310 575 3357 Trist.
612 3310 709 3359 III.
749 3312 795 3369 9,
838 3313 915 3359 18.
970 3309 1485 3369 Ma1tia1.X1.91‚6:
1523 3318 1699 3359 tenero
1738 3310 1910 3357 sedit
1944 3310 1994 3357 in
2033 3323 2120 3357 ore
2153 3306 2342 3356 lues.“
2379 3306 2549 3357 Burm.

423 3394 636 3455 Quintil.
692 3394 835 3442 Decl.
884 3392 1207 3443 CCCXXIX
1252 3394 1475 3460 12670).
1552 3395 1733 3447 Alcim,
1791 3392 1944 3443 Anth.
2005 3394 2117 3443 Lat.
2171 3392 2268 3441 111.
2323 3394 2450 3441 212:
2505 3388 2549 3440 Ο

420 3480 634 3529 blandos
673 3478 849 3527 oculos
888 3488 940 3525 et
974 3480 1243 3541 inquietos,
1284 3506 1347 3515 -—
1385 3480 1499 3528 Illic
1538 3488 1588 3528 et
1622 3480 1802 3530 Venus
1851 3488 1902 3528 et
1946 3480 2082 3528 leves
2120 3479 2337 3527 Amores
2375 3477 2548 3541 Atque

421 3567 533 3629 ipsa
577 3566 627 3611 in
677 3564 847 3612 medio
895 3564 1070 3613 sedet
1104 3563 1458 3629 Voluptas“
1506 3564 1596 3628 (cf.
1637 3563 1902 3617 Claudias.
1940 3564 2021 3613 IV
2059 3562 2210 3615 Cons.
2250 3564 2387 3614 Hon.
2427 3566 2550 3614 518:

420 3651 584 3699 radiat
622 3665 770 3713 quam
814 3657 961 3697 torva
1003 3650 1291 3714 voluptas
1328 3648 1674 3715 Frontis“).
1745 3652 1932 3701 Himer.
1971 3649 2053 3703 Or.
2094 3651 2136 3701 Ῑ.
2179 3654 2242 3701 19
2279 3668 2327 3715 p.
2349 3652 2472 3701 360:
2523 3645 2548 3699 ὁ

421 3734 509 3802 μὲν
566 3732 867 3805 ἐφιζάνων
913 3740 1015 3790 τοῖς
1062 3733 1248 3803 ὄμμασι
1294 3734 1505 3807 (ἵμερος)
1554 3732 1788 3787 κάκεῖθεν
1835 3733 2145 3805 ἐκπυρσεὺων
2190 3735 2447 3809 ἀμήχανον
2486 3762 2545 3771 -

419 3818 579 3873 πειθὼ
616 3818 667 3871 δὲ
702 3820 829 3872 κατὰ
862 3825 967 3871 τῶν
1003 3818 1213 3893 χειλέων
1249 3820 1600 3891 σκηνώσασα.
1661 3826 1847 3877 Timar.
1890 3826 1918 3871 7
1956 3839 2002 3887 p.
2028 3824 2124 3872 176
2159 3824 2283 3871 Μεε.
2320 3823 2449 3886 Reg.
2487 3820 2547 3872 Τ.

418 3908 527 3960 IX:
582 3908 671 3977 τὴν
710 3905 759 3957 ἐν
796 3906 936 3981 ψυχῇ
971 3906 1441 3975 ἐνσκηνώσασαν
1488 3908 1818 3981 χαρμονήν.
1877 3908 2082 3958 Mai-tin.
2123 3910 2248 3962 Var.
2285 3909 2452 3959 Lectt.
2477 3908 2546 3959 11.

421 3997 468 4055 6,
508 4010 651 4058 quem
690 3995 920 4043 laudavit
954 3994 1276 4046 Burmannus
1314 3996 1471 4049 Antii,
1508 3998 1540 4048 l.
1580 3998 1626 4045 d.
1665 4013 1711 4060 p.
1751 3998 1863 4047 646.
1927 3995 2136 4047 Schrad.
2175 3993 2446 4045 Anima-dv,
2485 3996 2547 4043 ad

418 4080 551 4129 Mus.
591 4080 670 4129 IX
721 4097 771 4145 p.
814 4082 923 4133 191.
994 4080 1196 4130 Mitscb.
1235 4081 1359 4135 Hor,
1400 4080 1565 4135 Carm.
1606 4082 1694 4133 IV.
1741 4084 1817 4143 13,
1857 4086 1884 4132 8
1923 4099 1972 4147 p.
2009 4084 2123 4131 441.

554 4166 879 4230 Pei-gendum
918 4169 981 4215 ad
1020 4166 1214 4230 majora
1251 4174 1345 4218 est·
1418 4167 1694 4233 Insigniter
1747 4169 1877 4217 enim
1931 4169 2011 4217 hic
2063 4174 2113 4217 et
2147 4160 2312 4218 Statio
2357 4176 2408 4218 et
2455 4169 2544 4217 sibi

418 4251 693 4302 defuerunt
728 4252 860 4302 docti
898 4266 1091 4313 omnes,
1129 4260 1479 4317 praeterquam
1520 4255 1658 4317 quod
1695 4270 1721 4303 a
1751 4254 1978 4303 Domitio
2013 4254 2112 4304 hoc
2151 4254 2371 4303 dubitari
2408 4250 2547 4303 vide-

419 4328 528 4387 mus
562 4353 613 4403 p.
652 4336 854 4389 250.oe
894 4338 1161 4402 „Tuque
1200 4352 1393 4388 nurus
1428 4339 1617 4389 inter.
1690 4338 1789 4389 Hic
1827 4341 1972 4389 deest
2007 4354 2191 4390 versus.
2263 4339 2379 4389 Non
2416 4341 2548 4389 enim

417 4423 548 4472 bene
586 4425 839 4487 sequitur,
894 4424 987 4473 nisi
1025 4425 1097 4473 ita
1135 4427 1398 4475 emendes:
1453 4424 1638 4488 Tuque
1688 4440 1842 4475 nurus
1879 4426 2064 4487 inter,
2122 4424 2306 4489 cujus
2359 4438 2546 4489 prae-

2579 1836 2686 1859 norff*
