3234 4967
1277 404 1564 467 Couject.
1603 404 1728 453 XII.
2464 406 2563 453 205

423 586 612 643 partu
645 578 789 628 labat
823 576 1144 640 Materque
1179 572 1391 623 multum
1425 574 1593 637 rapuit
1628 586 1695 621 ex
1729 571 1820 620 illo
1856 572 2030 623 mihist
2099 574 2309 637 Thyest.
2350 574 2440 623 53:
2486 572 2565 621 fu-

429 680 550 713 nera
585 664 807 713 Arcesse
845 668 898 711 et
929 661 1084 724 imple
1122 660 1407 709 Tantalo
1444 665 1602 706 totam
1652 652 1909 705 domum.“
1978 656 2311 707 Wannowski
2356 659 2419 707 de
2454 658 2567 706 Me-

428 756 616 813 touym.
633 764 683 813 p.
697 750 762 797 22
781 747 964 810 Progr.
978 745 1300 797 Posn.1860.
1321 741 1512 792 Similis
1530 747 1697 789 autem
1720 748 1773 789 et
1789 742 2039 790 sententia
2062 748 2113 791 et
2131 742 2293 792 oratio
2313 743 2566 792 invenitur

429 834 483 883 in
516 834 736 883 Didonis
771 833 836 881 ad
872 831 1104 881 Aeneam
1139 828 1378 893 Epistola
1412 826 1599 875 Anth.
1628 824 1767 874 Lat.
1806 825 1847 874 Ι.
1875 826 1989 885 173,
2025 826 2169 889 cujus
2205 841 2407 877 versum
2446 830 2567 877 102:

1228 913 1392 963 dulcis
1427 926 1544 961 mea
1579 911 1719 959 colla
1751 910 1960 960 fovebat

736 1002 1057 1052 Ascanius
1093 1000 1492 1061 miserumque
1529 1011 1686 1061 puer
1720 993 1993 1049 fovebat
2029 1012 2295 1047 amorem
2344 1048 2348 1052 ,

429 1088 588 1139 satius
625 1086 722 1137 fuit
757 1094 848 1135 aut
882 1088 983 1137 hoe
1019 1087 1172 1135 modo
1209 1082 1457 1148 expolit-it
1505 1096 1636 1146 puer
1670 1080 2014 1131 refovebat
2048 1080 2247 1145 (Heius.
2272 1081 2420 1133 Ovid.
2446 1085 2569 1137 Met.

432 1172 586 1223 VIII.
611 1173 710 1223 536
734 1188 783 1235 p.
806 1168 927 1235 595)
967 1178 1054 1219 ant
1091 1170 1215 1219 hoc:
1253 1168 1594 1230 miserumque
1626 1180 1755 1229 puer
1789 1166 2077 1215 lactabat
2112 1168 2384 1227 amorem,“
2420 1185 2569 1233 quam

431 1257 559 1305 sumi
611 1257 822 1305 inventa
873 1254 1226 1317 Oudendorpii
1281 1253 1554 1316 figebat,
1609 1250 1925 1310 faciebat,
1985 1251 2297 1314 fingebat,
2356 1267 2571 1315 quorum

433 1352 738 1405 postremum
789 1340 908 1389 satie
961 1340 1156 1403 placuit
1192 1336 1548 1386 Wernsdorfio
1586 1336 1703 1388 vol.
1742 1336 1836 1387 IV.
1876 1351 1925 1399 p.
1962 1337 2085 1395 456,
2138 1344 2227 1385 aut
2279 1337 2403 1385 illud
2443 1339 2571 1386 Bur-

435 1427 624 1475 manni:
673 1425 948 1475 fallebat
993 1422 1150 1487 (nam-
1173 1430 1224 1471 et
1257 1420 1468 1471 Graecis
1513 1429 1775 1485 receptum
1824 1429 1901 1467 est
1942 1418 2215 1485 ποιμαίνειν
2266 1418 2351 1469 τὸν
2406 1419 2573 1491 ἔρωτα

434 1510 624 1557 Valck.
661 1510 881 1558 Theocr.
906 1508 1003 1557 XI.
1025 1508 1102 1557 78·
1125 1523 1173 1571 p.
1202 1508 1300 1557 145
1336 1514 1386 1555 et
1419 1504 1540 1554 Eur.
1580 1506 1733 1569 Hipp.
1778 1507 1889 1554 151.
1926 1520 1974 1568 p.
2000 1508 2111 1554 182.
2150 1505 2346 1554 Hemst.
2374 1507 2572 1556 Anccd.

434 1610 485 1657 p.
525 1596 621 1644 158
659 1610 770 1659 sqq.
842 1592 1035 1642 Goens.
1069 1592 1320 1656 Porphyr.
1361 1594 1512 1641 Antr.
1549 1590 1772 1654 Nymph.
1810 1606 1857 1653 p.
1900 1591 2011 1641 119.
2084 1588 2239 1653 Wytt.
2266 1590 2397 1639 'Ecl.
2442 1592 2572 1645 Hiet,

435 1695 488 1741 p.
526 1680 628 1727 380
663 1692 738 1741 sq.
795 1674 984 1727 Blomf.
1023 1676 1193 1727 Gloss.
1231 1677 1422 1726 Aesch.
1458 1678 1561 1739 Ag.
1601 1676 1701 1725 652
1736 1690 1786 1738 p.
1822 1674 1923 1723 243
1958 1689 2032 1737 sq.
2080 1682 2133 1722 et
2176 1690 2255 1738 ap.
2292 1674 2572 1739 Apulcjum

437 1763 566 1813 Met.
605 1763 740 1813 VIII
774 1764 962 1827 1)»525
1001 1769 1078 1811 est
1121 1762 1374 1813 lactare
1419 1774 1711 1811 amorem.
1783 1758 1958 1811 Heius.
1998 1758 2147 1808 Ovid.
2184 1758 2309 1811 Met.
2345 1760 2437 1814 XI.
2473 1763 2575 1809 412

435 1864 487 1911 p.
527 1850 644 1907 780,
680 1850 816 1912 apud
851 1848 1149 1897 Terentium
1193 1847 1355 1895 Andr.
1393 1844 1488 1894 lv.
1530 1848 1573 1897 1.
1613 1846 1707 1894 23:
1753 1845 1847 1895 uisi
1896 1859 1975 1893 me
2012 1844 2329 1895 lactasses
2364 1862 2574 1894 aman-

436 1941 555 1981 tem
593 1943 642 1983 et
676 1933 807 1983 falsu
843 1946 934 1997 spe
969 1930 1314 1997 produceres“
1352 1930 1413 1983 cf.
1452 1931 1597 1979 Lact.
1637 1930 1800 1978 Theb.
1826 1928 1950 1977 XII.
1977 1930 2075 1978 246
2114 1938 2167 1978 et
2202 1930 2407 1979 Ruhnk.
2440 1930 2573 1985 Dict.

437 2034 488 2082 p.
513 2020 594 2071 67.
621 2018 912 2083 Symmach.
939 2018 1038 2082 Ep.
1063 2016 1128 2066 V.
1157 2018 1252 2067 10:
1295 2030 1442 2065 aures
1478 2015 1673 2063 laetare
1708 2014 1983 2065 blanditiis.
2010 2012 2106 2063 IX.
2132 2014 2221 2063 62:
2258 2015 2433 2064 laetari
2472 2018 2577 2065 ani-

439 2118 573 2152 mum
612 2111 751 2151 tuum
784 2102 988 2165 judicas
1024 2102 1162 2151 dulci
1201 2128 1262 2139 --
1300 2100 1497 2155 nuuti0.
1535 2098 1814 2162 Hegesipp.
1852 2098 1895 2147 1.
1928 2100 2016 2151 15:
2055 2112 2262 2161 seseque
2300 2100 2410 2163 ejus
2446 2102 2577 2151 lae.

441 2189 616 2236 tabat
651 2188 946 2237 societate.“
983 2186 1139 2240 Gron.
1177 2186 1324 2235 Obss.
1362 2184 1503 2235 Eecl.
1531 2182 1719 2232 XXIV
1740 2199 1787 2247 p.
1808 2184 1924 2242 268,
1963 2192 2016 2231 ut
2052 2198 2153 2232 non
2191 2194 2380 2234 temere
2416 2189 2578 2252 suspi-

441 2274 570 2321 ceris
605 2274 669 2321 ab
705 2272 1096 2335 imperitioribus
1134 2271 1186 2321 iu
1223 2272 1494 2320 verborum
1533 2270 1764 2318 ordinem
1802 2269 1999 2317 illatum
2037 2264 2212 2329 fuisse,
2252 2272 2387 2332 quod
2422 2273 2579 2321 iuter·

441 2359 738 2423 prelationis
775 2357 939 2419 gratia
975 2356 1282 2420 adscriptum
1318 2357 1657 2404 invenissent:
1694 2352 2005 2415 fovebat).
2068 2354 2260 2403 Verum
2300 2356 2429 2405 enim
2456 2372 2579 2406 vero

439 2443 686 2492 recolenti
724 2442 867 2490 illam
903 2441 1225 2491 librariorum
1262 2440 1536 2499 licentiam,
1573 2454 1675 2503 qua
1708 2437 1917 2487 favere:
1954 2438 2144 2487 fovere
2182 2438 2375 2502 (Burm.
2396 2438 2579 2491 Claud.

441 2530 506 2580 Β.
541 2527 678 2578 Gild.
717 2528 818 2576 245
858 2542 908 2591 p.
947 2526 1100 2588 221),
1139 2522 1438 2585 faventia,
1477 2522 1819 2584 fumantia,
1860 2522 2265 2573 flammantia
2298 2534 2583 2589 permutata

439 2614 598 2663 fuisse
634 2611 942 2673 intelligitur
977 2608 1237 2673 (Conject.
1273 2608 1449 2672 XIX),
1488 2609 1628 2658 aliud
1665 2610 1941 2659 succurrit:

917 2698 1252 2759 miserumque
1289 2710 1418 2759 puer
1452 2676 1837 2743 flammabat
1870 2708 2104 2745 amorem.

443 2784 598 2844 Quod
631 2784 796 2847 ipsum
833 2782 1136 2832 insolentius
1173 2780 1391 2844 positum
1441 2774 1520 2841 (id
1566 2781 1703 2843 quod
1752 2781 1919 2842 arguit
1961 2780 2044 2827 vol
2083 2779 2419 2831 Marklandus
2457 2782 2581 2832 silv.

439 2886 490 2932 p.
528 2866 654 2929 366)
691 2868 876 2931 quibus
913 2866 1223 2923 confirmem,
1279 2865 1560 2913 certissima
1593 2866 1645 2911 in
1688 2874 1921 2928 promptu
1965 2871 2085 2914 suut
2131 2866 2383 2929 exempla.
2454 2866 2582 2915 Nam

441 2955 576 3018 apud
614 2951 1041 3003 Claudianum
1078 2950 1160 3000 111
1197 2947 1349 2999 Cous.
1387 2948 1519 2999 Heu.
1559 2951 1653 2999 51:
1690 2948 1907 3011 Quoque
1944 2950 2101 3012 magis
2136 2950 2343 2998 nimium
2380 2966 2583 3014 pugnae

439 3038 541 3089 inf
549 3040 672 3090 lam
686 3045 890 3089 maret
911 3034 1216 3087 amorem“
1241 3036 1312 3093 id,
1331 3036 1469 3096 quod
1489 3048 1665 3083 omnes
1686 3041 1863 3081 tenent
1880 3035 2096 3093 codices,
2116 3033 2328 3083 Heinsio
2348 3033 2585 3096 („nimio

439 3123 720 3173 flammaret
772 3118 1050 3185 amore“)
1105 3120 1502 3181 Burmannoque
1565 3116 1932 3181 („juvcnem
1990 3133 2193 3182 pugnae
2253 3118 2586 3169 inflammaret

443 3206 712 3269 amore“)
748 3207 1084 3271 improbatum
1121 3206 1240 3254 loco
1277 3200 1464 3252 moveri
1509 3204 1746 3267 prohibet
1791 3204 1875 3251 vel
1911 3203 2244 3253 Mamertinus
2282 3202 2426 3255 Grat.
2462 3206 2583 3255 Act.

442 3287 656 3342 XXIII.
693 3294 751 3341 4:
789 3300 845 3341 tu
883 3292 1138 3343 exstincta
1164 3291 1270 3353 jam
1309 3291 1587 3339 litterarum
1626 3289 1842 3357 studia
1878 3287 2261 3339 flammasti“
2299 3288 2363 3342 cf.
2401 3289 2587 3345 Arntz.

447 3378 514 3427 V.
555 3379 580 3425 1
620 3393 670 3441 p.
707 3378 821 3426 668.

583 3460 890 3511 Subnectam
927 3461 1180 3512 Silvarum
1215 3461 1382 3509 locum
1419 3460 1486 3508 V.
1533 3462 1578 3518 1,
1621 3462 1707 3508 18:

753 3547 854 3597 Sed
891 3560 1045 3609 quum
1083 3546 1242 3609 plaga
1278 3558 1459 3593 recens
1495 3552 1551 3592 et
1585 3544 1757 3592 adhue
1792 3544 1845 3591 in
1882 3543 2092 3593 vulnere
2127 3545 2290 3607 primo

750 3631 952 3693 Nigra
987 3632 1165 3680 domus
1201 3638 1384 3693 questu
1423 3631 1761 3693 miseramque
1798 3643 2028 3678 accessus
2066 3630 2129 3677 ad
2167 3644 2336 3679 aurem

755 3716 1001 3779 Conjugis
1037 3715 1214 3765 orbati.

453 3802 616 3863 Quem
653 3802 732 3851 his
769 3801 1016 3850 Imhofius
1063 3802 1125 3849 de
1161 3800 1285 3850 Silv.
1323 3797 1539 3854 Condie.
1580 3800 1705 3851 erit.
1744 3817 1791 3865 p.
1833 3802 1895 3850 13
1948 3801 2074 3849 tueri
2128 3806 2279 3861 atque
2324 3798 2587 3864 explicare

447 3889 706 3950 ingressas
727 3895 828 3935 est:
857 3884 1106 3949 „Recepit
1124 3885 1456 3934 Marklandus
1481 3900 1585 3934 non
1605 3886 1771 3935 solum
1791 3884 1987 3935 futilem
2007 3884 2201 3933 Heiusii
2220 3884 2589 3948 conjecturamz
2614 3920 2619 3927 -

447 3986 664 4035 aegra,
701 3972 787 4019 scd
826 3965 937 4033 ipse
973 3970 1124 4018 etiam
1163 3994 1226 4026 2—-
1265 3970 1546 4033 legendum
1581 3984 1702 4019 esse
1740 3970 1935 4019 censuit
1987 3970 2049 4016 in
2102 3968 2324 4017 funere
2362 3965 2587 4033 primo,

447 4055 521 4103 At
556 4056 656 4103 hoc
690 4069 795 4103 non
832 4066 912 4103 est
945 4054 1266 4103 librariorum
1304 4069 1498 4103 errores
1536 4056 1835 4113 emendare,
1880 4054 1967 4103 sed
2004 4054 2098 4117 ipsi
2144 4044 2289 4117 poesi
2326 4054 2591 4105 Statianae

450 4156 638 4190 nervos
675 4156 736 4189 ac
773 4139 1030 4204 propriam
1067 4140 1294 4189 indolem
1333 4139 1619 4191 detrahere.
1690 4138 1867 4188 Noctis
1905 4139 2036 4186 enim
2083 4146 2133 4187 et
2176 4140 2493 4189 tenebrarum
2540 4149 2591 4190 et

451 4227 582 4289 nigri
617 4226 803 4275 coloris
835 4224 1298 4288 frequentissimum
1336 4225 1398 4273 de
1433 4233 1596 4273 morte
1634 4224 1847 4273 miseriis
1882 4224 2060 4273 dolore
2095 4238 2239 4274 usum
2264 4226 2444 4273 nonin
2467 4240 2590 4289 poe-

447 4312 596 4359 matis
632 4311 797 4371 solum
835 4311 928 4359 sed
963 4311 1015 4358 in
1052 4310 1220 4359 soluta
1254 4310 1404 4358 etiam
1442 4310 1672 4358 oratione
1708 4310 1821 4373 quis
1856 4309 2091 4373 ignorat?
2128 4308 2276 4359 Unde
2312 4311 2449 4372 quod
2475 4308 2590 4359 Sta·

445 4397 550 4444 tius
585 4396 830 4445 audacius
869 4396 1134 4459 aliquanto
1171 4397 1374 4443 domum
1412 4395 1552 4442 luctu
1590 4395 1832 4457 repletam
1880 4395 2121 4457 nigram
2171 4402 2396 4456 questu
2443 4394 2591 4454 dixit,

2088 4474 2185 4527 14*
