3234 4967
662 359 781 425 1210
1558 362 1792 415 Adnot.
1829 361 1922 412 84.

658 567 791 633 596
840 590 965 655 sq.2
1026 568 1493 652 „Exeruere
1558 589 1765 653 genas
1809 588 1940 633 non
1989 576 2089 633 est
2135 551 2635 648 sollicitandum,
2685 564 2810 630 hoc

658 682 760 739 cst
804 673 1010 740 oculis
1056 694 1353 740 somnum
1400 672 1750 740 conciliare
1793 672 1924 738 huc
1967 671 2122 739 illuc
2165 673 2234 737 in
2281 672 2426 738 sinu
2472 671 2807 759 agitando,

653 802 944 846 movere.
1035 781 1443 847 Exercere
1490 801 1770 845 manus
1801 778 2092 846 Senecae
2139 777 2359 863 semel,
2411 778 2492 845 de
2542 800 2674 867 quo
2721 778 2808 845 ad

654 888 795 975 ejus
839 886 1290 975 philosophica
1349 908 1429 952 ac
1470 882 1854 973 tragoedias
1899 884 2297 954 Gronovius,
2389 886 2808 952 Exereere

652 1016 773 1083 pro
832 993 1185 1059 exercui.
1275 993 1359 1058 Ni
1427 992 1672 1058 mavis:
1740 990 2200 1080 blandusque
2267 992 2412 1057 sinu
2472 992 2810 1058 Exercere

652 1122 876 1186 genas.
967 1098 1213 1165 Lucan.
1260 1098 1398 1165 III:
1456 1098 1992 1187 Incertasque
2053 1120 2339 1164 manus
2395 1099 2568 1165 ictu
2637 1097 2810 1164 lan-

652 1213 951 1291 guente
1008 1226 1152 1292 per
1208 1205 1463 1270 undas
1507 1204 1946 1270 Exercent.
2039 1202 2452 1270 Exercere
2498 1226 2809 1269 manum

653 1334 807 1377 non
862 1312 1236 1399 poenitet
1277 1309 1678 1376 Prudentius
1721 1310 1791 1375 H
1839 1318 2070 1375 contra
2113 1308 2360 1397 Symm.
2453 1309 2629 1376 Olim
2679 1308 2812 1398 pla-

653 1417 847 1483 cebat
887 1417 1356 1503 Extergere
1403 1439 1678 1503 genas.
1729 1415 2135 1482 abradere
2169 1416 2340 1482 dixit
2371 1414 2808 1482 Genethliaeo

651 1522 933 1589 Lucani:
1001 1521 1361 1612 leviterque
1436 1522 1817 1589 decidentes
1873 1521 2218 1589 Abrasit
2274 1522 2664 1588 lacrimas
2717 1522 2809 1587 ni·

651 1638 831 1695 tente
877 1628 1145 1718 plectro.
1226 1612 1337 1695 Sic
1369 1628 1708 1696 Petronio:
1755 1627 2080 1696 Concedit
2125 1650 2294 1717 puer
2341 1627 2809 1717 superlectum

653 1745 721 1801 ct
786 1744 1127 1803 manantes
1195 1735 1497 1801 lacrimas
1556 1732 1792 1823 pollice
1851 1735 2235 1801 extersit.
2252 1737 2294 1774 ‘⁴
2396 1735 2629 1823 Neque
2695 1745 2810 1801 aut

660 1840 881 1909 Cerda
922 1841 1112 1929 Virg.
1162 1841 1407 1927 Georg.
1454 1840 1575 1905 lv.
1624 1839 1754 1905 496
1813 1863 1878 1928 p.
1925 1839 2074 1906 554.
2125 1840 2182 1906 O
2229 1850 2345 1907 aut
2391 1841 2814 1908 Burmannus

652 1947 801 2014 Val.
850 1946 1065 2013 Flacc.
1115 1947 1221 2012 ΠΙ.
1274 1947 1403 2013 162
1448 1970 1513 2035 p.
1548 1945 1678 2012 255
1711 1946 1778 2011 in
1819 1945 2256 2035 suspicionem
2303 1946 2590 2013 adduxit
2634 1948 2813 2014 istud

654 2072 1046 2119 exercere
1094 2074 1363 2141 genas.
1442 2050 1642 2135 Quod
1687 2074 1819 2117 non
1863 2052 2082 2117 minus
2112 2052 2570 2141 probabiliter,
2620 2076 2814 2142 quam

652 2181 881 2226 vocem
928 2158 1234 2225 blando
1282 2158 1459 2247 (huc,
1507 2168 1581 2225 ut
1631 2158 1935 2243 arbitror,
1983 2158 2375 2225 translatum
2422 2182 2509 2226 ex
2545 2160 2702 2227 Silv.
2735 2160 2812 2224 ll.

656 2266 716 2349 7,
772 2266 888 2333 382
945 2265 1247 2333 Blando
1311 2264 1607 2354 Calliope
1667 2265 1850 2331 sinu
1907 2266 2216 2354 recepit“
2275 2268 2359 2333 cf.
2431 2266 2584 2333 Sen.
2655 2268 2812 2333 Tre.

659 2372 862 2439 1071:
924 2372 1223 2440 blando
1282 2373 1455 2438 sinu
1516 2372 1782 2438 Fovens
1838 2371 2234 2461 nepotem“)
2299 2373 2536 2439 tollere
2583 2372 2816 2439 videor

657 2480 1066 2545 correctione
1125 2487 1193 2545 et
1246 2478 1329 2545 iis
1381 2478 1818 2567 praemunita,
1879 2499 2044 2566 quae
2105 2498 2304 2567 supra
2367 2478 2710 2546 docuimus
2754 2503 2816 2545 v.

653 2586 763 2667 38,
852 2595 921 2651 et
982 2584 1114 2652 fide
1192 2586 1435 2652 codicis
1500 2584 1954 2672 Rehdigerani
2029 2585 2524 2677 editionumque
2601 2588 2815 2655 Parni.

669 2692 908 2757 Venet.
956 2692 1109 2758 Vet.
1157 2692 1554 2759 Lindenbr.:
1604 2714 2010 2781 excepere
2057 2692 2593 2760 commendabili:

1064 2828 1149 2881 cui
1287 2856 1357 2865 —
1492 2856 1561 2864 —
1700 2854 1766 2867 -ν
1905 2826 2141 2881 dextram

966 2913 1181 2967 Fon-exi
1220 2912 1547 2983 pandique
1584 2914 1766 2967 sinus
1793 2912 2120 2985 jamjamque
2157 2918 2398 2967 natantes

964 2998 1305 3069 Exceptare
1342 3014 1509 3067 genas

666 3118 807 3185 sive
865 3119 1107 3184 mavis:
1164 3116 1497 3204 pandique
1548 3118 1805 3194 sinum
1853 3117 1934 3182 cf.
1985 3116 2207 3183 adnot.
2254 3138 2318 3185 v.
2368 3119 2431 3183 9.
2523 3119 2614 3185 Et
2661 3118 2822 3185 illud

664 3224 933 3312 quidem
980 3246 1209 3311 genus,
1258 3221 1439 3311 quod
1484 3225 1777 3289 cernitur
1821 3224 1888 3289 in
1933 3222 2070 3289 his:
2127 3272 2167 3307 „
2181 3223 2382 3312 pandi
2429 3224 2640 3291 sinum
2690 3248 2822 3290 cx—

660 3338 993 3418 ceptare
1044 3333 1353 3417 genas“
1396 3328 1644 3395 idonea
1693 3328 2151 3419 exemplorum
2183 3331 2376 3418 copia
2419 3329 2825 3397 illustrarunt

670 3435 989 3502 Barth'ius
1046 3435 1391 3504 Claudian.
1452 3434 1531 3501 B.
1592 3435 1770 3503 Gild.
1833 3437 1916 3501 51
1979 3459 2045 3525 p.
2103 3437 2232 3504 379
2295 3436 2822 3527 Munckerusque

665 3542 848 3630 Hyg.
906 3544 1031 3609 147
1076 3567 1142 3631 p.
1191 3541 1319 3609 258
1369 3551 1435 3609 et
1480 3566 1642 3631 quos
1701 3543 2120 3609 nominarunt
2173 3543 2590 3609 Burmannus
2635 3544 2822 3611 Misc.

664 3648 867 3715 Obss.
915 3647 1085 3714 VIII
1133 3671 1195 3736 p.
1246 3649 1377 3715 370
1422 3672 1519 3737 sq.
1567 3658 1636 3714 et
1693 3647 2126 3715 Ruhnkenius
2187 3647 2386 3714 Ovid.
2433 3648 2594 3715 Her.
2641 3650 2689 3713 Ι.
2737 3650 2821 3716 37

662 3777 726 3842 p.
778 3753 849 3838 5,
903 3753 1139 3842 quibus
1194 3753 1511 3843 exemplis
1567 3776 1742 3819 nunc
1801 3754 2106 3843 adjiciam
2153 3754 2326 3827 Giris
2371 3776 2602 3822 versus
2648 3754 2711 3820 5.
2759 3756 2822 3820 6.

670 3862 741 3927 in
777 3860 954 3927 hune
996 3858 1293 3927 modumt
1341 3860 1589 3943 Quum
1639 3882 1788 3927 mea
1831 3882 2057 3945 cura,
2103 3860 2823 3929 Eratosthenicum

676 3966 803 4033 sibi
850 3989 1167 4055 quaerere
1212 3989 1477 4034 carmen
1521 3966 1753 4054 Longe
1800 3966 1977 4034 aliud
2024 3965 2308 4035 studium
2345 3970 2487 4058 jam
2533 3967 2824 4057 aliosque

678 4073 973 4139 accincta
1016 4072 1299 4156 labores,
1346 4071 1563 4138 Altius
1597 4072 1684 4139 ad
1713 4074 1938 4161 magni
1969 4075 2268 4162 suspexit
2297 4073 2516 4141 sidera
2543 4072 2825 4139 mundi“

605 4199 609 4203 ’
675 4179 781 4267 (id
827 4189 931 4245 est·
973 4178 1137 4245 alios
1181 4178 1443 4247 labores
1474 4181 1770 4247 accincta
1799 4180 1923 4247 sibi
1953 4180 2528 4247 Eratosthenicum
2560 4202 2825 4246 carmen

678 4285 1030 4375 quaerere)
1076 4308 1289 4375 nuper
1334 4310 1375 4351 a
1417 4285 1607 4353 nobis
1653 4287 1722 4352 in
1751 4287 1912 4353 ,Iota
1949 4296 2053 4353 ter
2099 4308 2312 4354 accus.
2345 4286 2392 4351 1.
2425 4310 2488 4375 p.
2523 4288 2565 4353 3
2613 4306 2826 4352 emen-

680 4391 891 4459 datos.
984 4391 1242 4458 Pandi
1288 4392 1510 4457 sinus
1556 4402 1775 4459 autem
1823 4393 2086 4483 proprie
2138 4392 2377 4458 dicitur
2419 4392 2609 4479 Virg.
2657 4390 2823 4457 Aen.
