3234 4967
1354 404 1583 455 Adnot.
1621 402 1715 455 86.
2488 399 2605 465 147

454 609 542 673 1V
594 608 792 675 Cons.
842 609 1013 674 Hon.
1079 608 1207 671 602
1268 630 1328 695 Ρ.
1398 610 1524 673 166
1573 619 1640 673 et
1686 606 1812 673 591
1864 632 1929 697 p.
1985 606 2130 671 165.
2180 607 2332 673 add.
2380 608 2605 679 Burm.

452 714 659 781 Anth.
691 715 839 780 Lat.
884 718 983 782 111.
1041 714 1187 797 190,
1241 715 1272 778 1
1324 738 1389 802 p.
1438 715 1589 780 631.
1637 715 1834 802 Prop.
1882 717 1960 782 11.
2008 714 2072 797 8,
2126 715 2236 781 13:
2284 714 2606 782 subducto

451 822 717 907 gravior
762 820 1121 909 procedere
1172 818 1417 885 vultu.
1513 819 1832 907 Groning.
1882 819 2124 885 cultu.
2173 820 2370 889 Ovid.
2423 822 2607 889 Fast.

450 928 534 991 V.
594 926 757 1017 356¹:
828 925 1051 992 cultu
1113 925 1532 991 versicolore.
1596 926 1835 992 Moret.
1904 924 2159 991 vultu.
2232 928 2607 993 Mamertin.

454 1032 640 1099 Grat.
673 1032 822 1097 Act.
872 1034 979 1115 28,
1026 1034 1067 1097 3
1115 1030 1347 1097 vultu
1393 1032 1674 1121 trepido.
1771 1031 1989 1099 Guelf.
2039 1034 2286 1099 cultu.
2377 1035 2608 1123 Neque

455 1130 802 1207 obscurum
865 1148 983 1223 est,
1042 1138 1217 1204 unde
1278 1138 1367 1222 id,
1430 1138 1605 1227 quod
1663 1163 1837 1205 nunc
1895 1138 2048 1205 libri
2095 1150 2344 1224 tenent,
2393 1164 2610 1207 mana-

454 1250 643 1313 verit.
737 1247 1081 1333 Leguntur
1128 1234 1301 1311 enim
1346 1248 1415 1311 in
1461 1247 1668 1313 Theb.
1718 1248 1886 1314 Vlll.
1937 1246 2068 1312 254
2117 1246 2309 1313 haec:
2357 1248 2608 1335 ignota-

453 1377 577 1442 que
640 1352 946 1440 gaudia
997 1351 1251 1418 vultu.
1310 1352 1465 1419 Silv.
1526 1354 1607 1419 ΙΙ.
1665 1354 1726 1437 6,
1784 1353 1898 1419 53:
1970 1352 2422 1441 vultumque
2493 1363 2609 1423 tuo

453 1460 753 1525 sumebat
799 1459 882 1526 ab
930 1481 1063 1524 ore.
1084 1462 1124 1497 “

630 1566 761 1633 Sed
823 1588 1018 1655 porro
1077 1567 1377 1655 urgenda
1431 1590 1537 1632 res
1586 1576 1704 1632 est.
1797 1566 1963 1632 Inde
2011 1567 2206 1651 enim,
2257 1568 2434 1655 quod
2483 1567 2611 1632 hoe

457 1672 785 1761 discrepat
824 1672 1329 1759 Rehdigeranus
1376 1671 1572 1738 liber:
1625 1696 1664 1737 a
1709 1680 1990 1737 nostro
2005 1722 2024 1756 ‚
2075 1696 2272 1761 quum
2317 1696 2607 1761 praeser-

455 1778 571 1843 tim
641 1801 775 1843 vox
850 1788 1139 1845 nostro
1208 1779 1364 1845 illis:
1444 1802 1743 1863 „nomen
1812 1801 1946 1844 vox
2015 1780 2228 1868 prima
2302 1784 2608 1845 meum“

454 1883 751 1975 subjecta
796 1883 1046 1973 aliquid
1094 1886 1523 1953 dubitationis
1571 1886 1832 1969 habeat,
1881 1888 2261 1976 conjectura
2309 1886 2610 1953 ducimur

452 1992 538 2057 ad
586 1992 1044 2079 suspicandum
1092 1992 1217 2058 hoc
1264 1993 1525 2059 demum
1571 2016 1798 2059 verum
1849 2016 2023 2059 esse:
2086 1992 2350 2058 Aonio
2394 1994 2608 2059 venie-

458 2096 617 2163 bant
663 2098 911 2185 gaudia
956 2097 1201 2163 cultu.
1294 2100 1477 2183 „Cui
1523 2102 1947 2189 conjecturae
1979 2099 2176 2165 fidem
2223 2099 2468 2165 addere
2517 2101 2612 2165 sic

452 2202 627 2287 licet,
674 2214 748 2269 ut
794 2202 1193 2271 emaculetur
1234 2204 1468 2293 Eleg.
1518 2206 1613 2271 ad
1660 2204 2021 2273 Messall.
2074 2228 2303 2271 versus
2352 2206 2389 2271 7
2410 2228 2424 2271 ι
2470 2206 2612 2271 Nec

452 2312 664 2375 minus
732 2310 977 2377 idcirco
1046 2322 1381 2378 nostros
1452 2336 1838 2401 expromere
1905 2322 2136 2379 cantus
2195 2313 2548 2378 Maximus.
2567 2317 2611 2351 “

455 2416 669 2501 Quem
726 2440 989 2483 versum
1045 2419 1493 2508 maximopere
1552 2420 1755 2485 miror
1809 2420 1878 2483 in
1932 2418 2178 2484 nullam
2225 2418 2440 2485 adhuc
2487 2420 2611 2485 dis·

452 2524 893 2611 ceptationem
952 2533 1259 2589 vocatum
1316 2546 1475 2589 esse.
1571 2526 1778 2591 Nemo
1841 2526 2013 2590 enim
2073 2535 2206 2591 tam
2270 2524 2447 2591 lento
2495 2536 2610 2591 aut

453 2639 763 2719 corrupto
782 2630 1039 2719 judicio
1074 2631 1216 2714 erit,
1266 2633 1423 2719 quin
1468 2632 1758 2696 fateatur
1801 2631 1980 2697 istud
2025 2655 2216 2698 nros
2265 2632 2389 2722 (sic
2437 2632 2609 2698 enim

452 2737 669 2801 notari
737 2735 998 2813 solitum
1069 2746 1169 2801 est
1236 2746 1583 2805 nostros.
1649 2737 1798 2804 Val.
1869 2736 2090 2805 Flacc.
2167 2738 2206 2803 1.
2271 2740 2396 2803 257
2461 2739 2606 2805 cod.

449 2842 678 2923 Burm.
724 2866 789 2930 p.
838 2844 943 2908 60.
992 2844 1139 2909 Liv.
1190 2845 1243 2908 1.
1288 2846 1395 2927 30,
1444 2846 1485 2909 2
1523 2844 1710 2911 Leid.
1743 2870 1843 2934 pr.
1877 2846 2079 2911 Mero.
2113 2846 2282 2911 Non.
2316 2842 2606 2911 Marcell.

450 2974 514 3037 p.
567 2949 715 3013 772.
760 2948 987 3015 Burm.
1041 2948 1311 3033 Quintil.
1361 2951 1501 3015 Vll.
1550 2950 1591 3015 5
1639 2976 1704 3039 p.
1754 2952 1904 3017 637.
1953 2951 2131 3017 Duk.
2179 2949 2362 3017 Flor.
2410 2950 2486 3015 ll.
2547 2954 2608 3035 2,

455 3054 539 3147 14
585 3078 650 3142 p.
700 3055 852 3119 226.
902 3056 1104 3145 Seyff.
1158 3056 1295 3122 Cio.
1346 3058 1537 3122 Tusc.
1586 3057 1712 3122 III.
1761 3057 1824 3141 4,
1889 3058 1928 3123 8
1977 3082 2042 3147 p.
2103 3056 2218 3147 56)
2282 3048 2612 3123 contraria

451 3160 587 3225 fere
635 3162 888 3231 ratione
938 3171 1131 3251 atque
1189 3162 1365 3252 apud
1414 3164 1829 3251 Propertium
1879 3160 1979 3227 lv.
2031 3163 2090 3245 7,
2140 3162 2228 3227 45
2277 3186 2366 3229 ac
2411 3185 2609 3228 noas

456 3254 826 3356 (Nomas)
870 3254 965 3332 'in
1027 3252 1356 3335 Vaticano
1426 3271 1653 3358 quinto
1725 3279 1792 3335 et
1851 3279 2128 3359 utroque
2189 3269 2608 3335 Dorvilliano

458 3370 701 3435 factum
734 3374 847 3438 est¹
878 3375 1197 3459 aonias,
1234 3377 1642 3463 suppositum
1674 3397 1834 3441 vero
1865 3377 2040 3441 nios
2073 3375 2304 3441 eadem
2337 3375 2608 3441 levitate

458 3478 679 3561 fuisse,
716 3502 845 3566 qua
877 3480 1053 3569 apud
1084 3480 1353 3545 Florum
1392 3484 1431 3544 Ι.
1472 3483 1573 3565 12,
1612 3482 1690 3547 11
1727 3482 1970 3548 nomini
2001 3482 2110 3547 Ve
2117 3506 2147 3571 J
2169 3504 2248 3547 os
2279 3482 2349 3547 in
2382 3482 2607 3547 codice

454 3582 666 3673 Ryck.
714 3608 949 3652 veros
1010 3587 1089 3651 cf.
1138 3587 1447 3652 Ritter‘sh.
1498 3586 1746 3653 Gunth.
1807 3588 1950 3675 Lig.
2015 3588 2126 3653 VI.
2190 3588 2272 3653 73
2331 3612 2396 3676 p.
2460 3589 2608 3653 113.

451 3688 649 3755 Anal.
683 3691 879 3780 Prop.
912 3692 1000 3757 X.
1046 3716 1111 3780 p.
1157 3693 1264 3776 61,
1311 3692 1582 3759 idcirco
1631 3694 1817 3760 nios
1861 3694 1932 3758 id
1979 3702 2079 3759 est
2123 3694 2608 3759 idcircoonios

456 3806 677 3863 autem
725 3808 903 3865 recte
952 3800 1043 3864 sic
1090 3801 1417 3888 reparari:
1465 3799 1712 3865 idcirco
1755 3798 2082 3866 Aonios.
2177 3802 2327 3883 Quo
2377 3800 2608 3865 eodem

454 3902 693 3969 damno
742 3906 1049 3972 affectum
1099 3905 1322 3971 Ovidii
1369 3928 1634 3971 versum
1681 3906 1842 3972 Met.
1890 3907 2084 3972 XIII.
2135 3908 2298 3973 682:
2347 3907 2608 3996 Hospes

450 4008 532 4075 ab
563 4008 862 4076 Aoniis
909 4010 1193 4078 Therses
1239 4013 1559 4078 Ismenius
1608 4015 1738 4078 oris
1757 4017 1798 4052 “
1845 4013 2212 4080 invenimus
2257 4015 2326 4079 in
2374 4015 2606 4101 fragm.

445 4115 663 4181 Boxh.
728 4140 829 4205 ap.
891 4118 1121 4187 Heins.
1168 4143 1234 4208 p.
1298 4121 1427 4185 669
1489 4120 1732 4209 Oniis
1797 4119 2114 4209 (Ooniis
2184 4120 2360 4186 Med.
2422 4121 2606 4209 tert.)

448 4231 516 4286 et
563 4222 1004 4290 Strabonis
1052 4248 1198 4290 cum
1243 4226 1457 4291 locum
1506 4226 1661 4315 (IX.
1709 4250 1773 4314 p.
1808 4226 1990 4315 412),
2041 4250 2232 4314 quem
2279 4228 2608 4293 reconcin-

446 4329 752 4393 navimus
812 4329 1019 4397 Theb.
1080 4331 1318 4398 Parad.
1380 4356 1445 4419 p.
1502 4331 1654 4396 416.
1704 4332 1854 4396 418.
1903 4332 2146 4398 Electt.
2197 4333 2358 4399 crit.
2402 4356 2471 4421 >p.
2525 4333 2606 4397 14

449 4434 528 4499 cf.
592 4432 841 4521 Scylac.
903 4437 1144 4526 Peripl.
1203 4462 1268 4526 p.
1332 4438 1445 4501 25:
1534 4430 1656 4497 τοῦ
1728 4425 2026 4499 ’θνέου
2095 4428 2348 4500 κόλπον
2392 4438 2462 4504 id
2510 4448 2608 4503 est

2091 4546 2194 4601 10*
