3234 4967
674 373 791 441 144
1560 373 1786 427 aanor
1835 373 1931 427 ss

658 561 809 627 Ruf.
854 558 909 627 1.
942 558 1071 625 328
1104 582 1169 647 p.
1204 558 1311 623 60.
1340 558 1653 625 Barthius
1692 560 1858 629 Stat.
1889 560 2124 627 Achill.
2172 562 2261 629 11.
2311 563 2444 629 442
2489 588 2561 652 p.
2613 566 2807 631 1763.

655 666 967 733 Heinsius
1015 664 1357 731 Olaudian.
1390 664 1531 733 Sec.
1569 664 1766 732 ConS.
1800 666 1942 733 Stil.
1981 666 2107 731 156
2144 692 2210 755 p.
2258 668 2410 735 419.
2503 658 2810 737 Vorstius

657 772 807 841 Val.
861 772 1132 839 Maxim.
1180 771 1263 838 V.
1318 773 1349 837 1
1402 781 1536 837 ext.
1582 774 1626 839 3
1671 796 1738 859 p.
1785 772 1936 839 223.
2028 773 2520 841 Wernsdcrfius
2564 775 2806 843 Avien.

654 880 741 947 D.
790 879 873 947 O.
917 876 1050 946 385
1094 901 1161 966 p.
1208 878 1359 943 979.
1450 878 1864 945 Burmannus
1914 878 2100 945 Grat.
2144 880 2310 968 Cyn.
2359 882 2491 947 525
2537 906 2602 970 Ρ.
2651 885 2804 966 314,

657 988 769 1075 qui
812 984 1085 1050 ludum
1112 1005 1307 1083 :esse
1354 982 1482 1048 dici
1530 984 1624 1049 ait
1671 984 1752 1050 de
1799 1008 1871 1051 re
1918 984 2158 1051 nullius
2204 988 2342 1053 fere
2379 991 2697 1055 momenti
2741 999 2812 1056 et

656 1117 823 1186 quae
880 1089 1070 1159 facile
1126 1090 1261 1174 fiat,
1319 1088 1497 1155 nullo
1558 1088 1805 1175 labore,
1875 1092 1995 1159 sed
2054 1092 2414 1183 voluptatis
2479 1104 2546 1161 et
2611 1096 2809 1161 animi

654 1224 871 1269 causa.
887 1204 928 1239 “
1002 1196 1263 1287 Adjicio
1298 1195 1774 1281 Quintilianum
1801 1197 1989 1265 Decl.
2024 1198 2148 1265 III.
2182 1201 2227 1263 4
2257 1224 2322 1289 p.
2357 1201 2474 1267 62:
2523 1202 2804 1269 Ludus

652 1312 811 1377 fuit
878 1314 1095 1373 rotare
1166 1326 1344 1373 saxa.
1362 1307 1402 1342 “
1522 1303 1890 1371 Himerium
1959 1304 2075 1371 Or.
2145 1305 2270 1371 III.
2346 1308 2423 1371 11
2497 1331 2560 1395 p.
2631 1308 2796 1376 4442

653 1420 763 1495 σοὶ
787 1416 873 1489 δὲ
908 1413 1095 1509 οἶμαι
1132 1412 1509 1507 ἀθύρματα
1546 1412 1632 1483 τὰ
1671 1420 1808 1485 τῶν
1835 1415 2168 1509 μεγάλων
2197 1414 2551 1511 βασιλέων
2588 1415 2805 1511 ἐγκώ-

644 1550 795 1621 μια,
840 1555 1005 1623 quae
1038 1530 1243 1598 verba
1275 1528 1533 1596 Oerdae
1566 1538 1635 1595 et
1665 1530 1922 1597 Heinsii
1953 1533 2158 1621 copiis
2191 1531 2472 1599 illustria
2519 1534 2808 1599 reddidit

649 1638 1141 1709 Wernsdorfius
1186 1660 1253 1725 p.
1300 1636 1453 1701 445.
1500 1637 1583 1701 cf.
1632 1637 1860 1703 XXII.
1909 1640 1950 1705 3
1997 1663 2062 1727 p.
2114 1638 2274 1706 754:
2341 1627 2632 1723 ἄθυρμα
2683 1630 2806 1700 τοῦ

649 1737 918 1835 φθόνου
970 1734 1440 1832 γεγενημένος
1483 1728 1602 1803 καὶ
1653 1733 1962 1828 παίγνιον
2016 1755 2083 1811 et
2127 1745 2289 1812 illud
2333 1745 2629 1813 Platonis
2692 1732 2806 1805 ἄν·

649 1848 951 1937 θρωπος·
995 1843 1194 1923 θεοῖς·
1238 1838 1546 1933 παίγνιον
1597 1848 1946 1937 Wyttenb.
2003 1852 2262 1940 Eunap.
2318 1876 2384 1941 p.
2433 1854 2540 1918 82.
2587 1852 2802 1919 Boiss.

647 1959 901 2026 Anecd.
946 1958 1001 2024 Ι.
1048 1982 1114 2047 p.
1160 1955 1293 2023 345
1339 1957 1421 2021 cf.
1454 1955 1729 2022 Zachar.
1777 1980 1844 2045 p.
1894 1956 2026 2023 344
2073 1982 2169 2047 sq.
2201 1968 2340 2026 not.
2385 1959 2493 2024 68.
2527 1959 2799 2045 Segaar.

650 2065 858 2132 Clem.
905 2063 1099 2131 Alex.
1151 2063 1231 2148 Q.
1292 2062 1376 2128 D.
1436 2062 1503 2128 S.
1561 2086 1627 2151 p.
1681 2063 1810 2128 235
1869 2087 1966 2152 sq.
2035 2064 2291 2131 Dronk.
2365 2064 2570 2151 Greg.
2639 2064 2804 2139 Naz.

648 2174 867 2240 Carm.
916 2170 1047 2239 Sel.
1094 2196 1160 2259 p.
1209 2170 1316 2254 94,
1368 2168 1469 2235 26.
1518 2169 1760 2235 Joann.
1809 2169 2044 2258 Chrys.
2094 2171 2176 2236 de
2225 2172 2494 2238 Sacerd.
2537 2172 2630 2237 II.
2665 2173 2702 2236 7
2735 2195 2801 2260 Ρ.

651 2281 733 2346 19
787 2278 995 2348 Loml.
1088 2278 1221 2346 Sed
1278 2286 1353 2343 ut
1402 2300 1523 2368 pro
1585 2276 1840 2343 levibus
1883 2288 1950 2343 et
1992 2277 2206 2345 dubiis
2253 2278 2483 2345 haberi
2525 2279 2799 2367 possint,

647 2408 815 2475 quae
860 2384 1057 2473 longe
1106 2393 1172 2449 et
1217 2385 1609 2471 gravissima
1649 2393 1715 2450 et
1744 2384 2116 2451 firmissima
2144 2385 2448 2453 videmur
2481 2384 2798 2469 attulisse,

646 2493 1091 2583 mentionique
1148 2493 1319 2558 risus
1376 2490 1596 2580 aliqua
1650 2499 1906 2557 constet
1963 2493 2168 2559 ratio:
2229 2502 2299 2558 at
2343 2492 2660 2557 mentioni
2703 2489 2802 2556 illi

645 2623 779 2666 non
824 2598 933 2665 hic
980 2608 1123 2665 erat
1168 2598 1369 2683 locuS‚
1418 2598 1537 2664 sed
1582 2599 1654 2663 in
1700 2620 1782 2663 ea
1824 2606 2035 2686 parte,
2085 2621 2216 2687 qua
2259 2600 2405 2687 ipsa
2447 2600 2626 2665 vitae
2671 2599 2800 2685 pri·

645 2706 905 2772 mordia
972 2728 1172 2794 supra
1240 2704 1335 2795 (v.
1393 2704 1511 2794 83)
1582 2704 1978 2771 obtinuimus
2045 2707 2397 2781 monstrari
2465 2726 2796 2771 murmure

645 2811 1114 2901 questibusque
1162 2820 1230 2877 et
1274 2813 1674 2901 reptatione:
1731 2813 1920 2897 „cui
1963 2812 2171 2879 verba
2216 2812 2574 2901 modosque
2621 2833 2798 2877 mon·

645 2921 849 2987 stravi
894 2928 1239 3009 questus
1285 2929 1354 2984 et
1396 2941 1805 2985 murmura
1849 2940 2048 2985 caeca
2075 2917 2412 2985 resolvens
2443 2918 2797 3007 Reptan-

641 3028 845 3116 tique
890 3025 1031 3094 solo
1079 3026 1397 3092 demissus
1443 3025 1530 3093 ad
1577 3025 1801 3093 oscula
1847 3026 2150 3093 dextram
2193 3026 2468 3092 Porrexi
2519 3023 2794 3113 pandi-

643 3156 771 3223 que
819 3136 1041 3200 sinus
1070 3172 1160 3183 —-
1190 3132 1414 3199 dulces
1446 3155 1786 3201 accersere
1819 3138 2133 3200 somnos“
2148 3156 2162 3199 :
2213 3132 2604 3198 documento
2651 3132 2794 3221 ejus

640 3243 738 3307 rei
798 3250 899 3307 est
954 3240 1093 3330 ipse
1155 3240 1403 3308 Statius
1462 3240 1672 3307 Theb.
1731 3240 1815 3306 V.
1877 3241 2038 3307 6132
2107 3239 2317 3324 „Heu
2374 3239 2489 3308 ubi
2551 3238 2792 3304 siderei

642 3346 910 3415 vultus?
966 3347 1103 3414 ubi·
1135 3346 1341 3414 verba
1392 3346 1612 3436 ligatis
1670 3347 2060 3436 imperfecta
2119 3345 2336 3412 sonis?
2438 3338 2791 3433 risusque

642 3463 710 3521 et
762 3476 1161 3521 murmura
1208 3454 1330 3520 soli
1371 3453 1712 3521 Intellecta
1766 3453 1968 3519 mihi?
2025 3454 2283 3542 quoties
2328 3451 2447 3519 tibi
2493 3452 2792 3517 Lemnon

640 3571 709 3629 et
730 3561 915 3648 Argo
940 3561 1141 3627 Sueta
1170 3559 1350 3651 loqui
1382 3571 1449 3627 et
1478 3560 1674 3649 longe
1707 3546 2062 3628 somnum
2096 3558 2448 3626 suadere
2481 3556 2786 3647 querela?

638 3668 759 3735 VI.
820 3667 980 3734 164:
1043 3666 1163 3734 lna
1216 3676 1369 3734 tuos
1430 3677 1695 3757 questus
1748 3666 2256 3755 lacrimososque
2313 3666 2520 3754 impia
2576 3666 2789 3731 risus

638 3775 869 3842 Audiit
916 3784 983 3841 et
1026 3775 1207 3842 vocis
1254 3775 1585 3864 decerpsit
1629 3796 1966 3841 murmura
2016 3774 2266 3862 primae
2283 3777 2324 3811 “
2373 3781 2443 3839 et.
2486 3771 2789 3839 Claudia·

636 3906 761 3949 nus
804 3883 912 3950 Pr.
963 3882 1159 3949 Cous.
1190 3881 1332 3948 Stil.
1363 3882 1454 3948 II.
1487 3881 1650 3948 346:
1698 3892 1960 3947 teneros
2005 3920 2094 3931 --
2138 3882 2355 3947 risus
2386 3880 2788 3967 Vagitum·

638 4012 764 4079 que
805 3988 1033 4055 audire
1064 3993 1333 4077 putes.“
1407 3988 1662 4055 Paulin.
1697 3988 1778 4054 de
1811 3988 1907 4055 St.
1937 3988 2198 4055 Joanne
2245 3986 2378 4053 204
2421 4010 2497 4076 Ρ.
2525 3988 2669 4053 738.
2704 3986 2785 4053 Β.

634 4097 877 4162 Justin.
922 4096 975 4161 I.
1024 4095 1087 4179 4,
1140 4096 1243 4165 12.
1336 4096 1536 4180 Quid,
1594 4094 1773 4183 quod
1817 4097 1886 4160 in
1932 4094 2173 4180 verbiS,
2236 4093 2470 4183 quibus
2514 4114 2786 4181 puerum

634 4202 964 4271 balbutire
1014 4200 1257 4266 desisse
1306 4224 1384 4267 ac
1428 4201 1639 4268 Statio
1685 4200 2178 4268 blandissimum
2226 4202 2371 4289 ipsa
2415 4221 2786 4265 sermonum

633 4308 1008 4376 rudimenta
1075 4307 1269 4373 inisse
1341 4307 1676 4373 discimus:
1745 4307 1892 4374 Oui
1959 4329 2239 4373 nomen
2310 4329 2462 4372 vox
2526 4307 2786 4394 prima

634 4438 886 4482 meum
934 4414 1048 4505 (cf.
1081 4413 1284 4480 Theb.
1324 4414 1435 4479 ΙΧ,
1472 4415 1638 4479 621:
1687 4412 1850 4479 'Pela
1879 4436 2046 4503 puer
2075 4413 2360 4479 lacrimis
2405 4423 2473 4478 et
2517 4414 2778 4503 prima
