3234 4967
1265 374 1268 377 ⁴
1348 383 1580 437 Adnot.
1621 383 1693 435 19
2520 380 2601 448 35

450 610 650 677 supra
683 584 1037 669 attulimus,
1070 586 1339 674 Virgilii
1385 588 1592 655 verba
1636 588 1706 655 in
1750 588 2049 675 margine
2098 588 2603 676 comparationis

447 697 662 780 gratia
718 694 1050 781 adscripta
1105 695 1174 758 in
1230 696 1446 781 ipsum
1491 717 1799 761 versuum
1860 694 2157 761 ordinem
2202 694 2287 761 ab
2332 694 2604 763 indocti·

449 799 670 865 oribus
717 797 1037 865 translata
1083 820 1250 865 esse.
1327 800 1541 882 Quam
1589 800 1979 866 sententiam
2024 801 2165 887 ipse
2195 798 2429 866 videor
2472 822 2604 867 non

447 904 682 969 leviter
729 904 988 969 firmare
1037 913 1105 970 et
1149 904 1277 971 illis
1324 906 1663 993 exempIiS‚
1714 906 1795 972 de
1844 906 2075 994 quibus
2117 928 2179 970 v.
2213 904 2322 971 31.
2354 905 2462 971 43.
2494 904 2603 971 58.

447 1008 553 1075 59.
606 1010 711 1075 70.
756 1010 862 1075 74.
909 1010 1014 1075 77.
1059 1010 1162 1075 78.
1209 1011 1316 1076 84.
1349 1012 1432 1077 87
1483 1012 1759 1095 dicetur,
1808 1022 1876 1077 et
1920 1013 2021 1094 iis,
2072 1032 2239 1099 quae
2288 1009 2373 1075 de
2418 1033 2483 1075 ν.
2520 1011 2605 1075 14

447 1118 888 1201 argumentati
960 1139 1200 1183 sumus.
1315 1117 1522 1201 Quid,
1599 1117 1775 1206 quod
1850 1120 1917 1183 in
1982 1115 2188 1183 Theb.
2249 1115 2375 1182 Xl.
2439 1114 2601 1181 138:

445 1220 636 1305 „leto
695 1231 796 1288 tot
854 1223 1080 1310 iniqua
1139 1223 1440 1307 fugane
1485 1222 1761 1289 Exeat“
1818 1220 2121 1290 similium
2168 1220 2463 1287 locorum
2506 1242 2603 1287 re·

446 1327 742 1393 cordatio
803 1336 1059 1393 tantum
1115 1325 1342 1410 valuit,
1415 1338 1488 1393 ut
1558 1330 1629 1393 in
1694 1328 1919 1393 codiee
1982 1326 2391 1413 Frisingensi
2457 1348 2603 1415 pro-

448 1434 715 1499 deretur
759 1432 918 1499 hoe:
967 1442 1066 1498 tot
1113 1434 1340 1520 iniqua
1384 1433 1789 1520 fatigant?

633 1536 944 1605 Ceterum
991 1536 1270 1603 eandem
1319 1540 1707 1605 sententiam
1753 1538 1855 1604 his
1902 1537 2281 1625 complexus
2328 1548 2431 1603 est
2461 1538 2599 1606 Sta-

451 1644 576 1709 tius
631 1641 720 1707 111.
763 1644 831 1725 3,
885 1643 1000 1707 11:
1071 1652 1184 1708 aut
1251 1644 1426 1708 nati
1492 1642 1690 1711 modo
1758 1644 2305 1730 pubescentia
2372 1644 2598 1711 credat

449 1747 608 1815 Ora
652 1750 826 1836 rapi
871 1748 1298 1813 flammis.“
1373 1750 1601 1838 Neque
1664 1748 1949 1814 alienum
2005 1759 2104 1815 est
2148 1770 2297 1815 cum
2342 1750 2595 1817 verbis:

445 1864 769 1937 „tenerae
818 1855 1227 1941 signatum
1273 1853 1482 1920 flore
1520 1857 1979 1943 juventae“
2028 1854 2140 1944 (ef.
2190 1864 2255 1920 et
2300 1854 2459 1922 Silv.
2504 1854 2593 1922 lll.

443 1961 506 2043 4,
553 1960 668 2026 65:
717 1984 856 2044 „ne
902 1964 1112 2049 prima
1159 1986 1416 2050 genas
1462 1964 1764 2051 lanugo
1812 1966 2099 2031 nitentes
2130 1964 2596 2053 Carper.et“

449 2077 515 2130 et
561 2066 770 2132 Theb.
817 2067 906 2133 X.
942 2068 1101 2135 706:
1150 2071 1466 2151 „maturis
1513 2072 1955 2157 signentur
2002 2082 2302 2157 tempora
2346 2073 2593 2137 canis.“

442 2170 593 2236 Vlll.
657 2172 790 2238 294
859 2174 1256 2240 contendere
1317 2175 1671 2261 Virgilium
1731 2176 1901 2241 Aen.
1972 2176 2085 2243 lX.
2163 2176 2325 2242 181:
2396 2225 2437 2261 „
2458 2176 2594 2242 Ora

441 2299 606 2365 puer
648 2280 860 2366 prima
907 2281 1238 2365 signans
1284 2282 1546 2347 intonsa
1579 2284 2001 2370 juventa.“
2089 2278 2402 2349 Ovidium
2431 2281 2591 2348 Met.

440 2382 599 2447 Xlll.
652 2383 814 2449 754:
890 2384 1027 2467 „Si
1043 2408 1142 2471 gn
1163 2396 1344 2451 arat
1403 2397 1665 2452 teneras
1722 2386 1924 2453 dubia
1968 2387 2273 2474 lanugine
2318 2386 2593 2453 malaS.“

441 2488 899 2572 Claudianum,
961 2493 1070 2577 qui
1126 2491 1357 2557 eadem
1403 2502 1600 2579 atque
1648 2493 1896 2559 Statius
1942 2495 2178 2579 posuit,
2234 2493 2345 2559 Pr.
2394 2492 2590 2561 Cons.

441 2593 581 2659 Stil.
642 2594 708 2659 ll.
769 2594 935 2660 351:
1007 2598 1314 2685 „primae
1385 2600 1762 2684 signatus
1830 2597 2050 2664 flore
2120 2601 2593 2687 juventae.“

439 2698 754 2765 Senecam
801 2698 1003 2787 Hipp.
1053 2702 1218 2767 648:
1281 2702 1508 2786 „Cum
1555 2704 1769 2791 prima
1812 2725 2013 2790 puras
2057 2704 2265 2771 barba
2318 2707 2386 2773 si
2400 2728 2592 2791 gna·

439 2815 568 2870 ret
625 2828 896 2891 genas.
916 2812 956 2847 “
1047 2807 1360 2896 Epitaph.
1423 2832 1528 2896 ap.
1588 2808 1913 2875 Sirmond.
1962 2808 2222 2877 Ennod.
2278 2834 2342 2899 p.
2390 2812 2478 2875 94
2524 2823 2591 2877 et

437 2911 663 2976 Burm.
694 2911 898 2979 Anth.
929 2912 1078 2979 Lat.
1110 2913 1178 2984 ll.
1209 2936 1274 3002 p.
1307 2914 1475 2980 481:
1525 2913 1714 2999 „Ora
1757 2936 1924 3003 puer
1972 2914 2209 2981 dubiae
2256 2918 2325 2981 si
2336 2938 2437 3002 gn
2452 2939 2588 2983 ans

436 3017 840 3103 lanugine
877 3020 1147 3085 vestiS.“
1211 3020 1466 3102 Quibus
1499 3019 1783 3087 addatur
1822 3019 2149 3085 Silvarum
2194 3019 2378 3087 locus
2422 3020 2489 3093 ll.
2524 3024 2585 3105 6,

436 3124 554 3187 44:
607 3125 990 3213 „primoque
1021 3126 1340 3191 micantes
1369 3125 1611 3191 Flore
1660 3130 1937 3211 genae.“
1998 3126 2053 3191 I.
2096 3127 2157 3208 2,
2196 3127 2347 3191 276.
2398 3128 2583 3214 Virg.

439 3229 602 3297 Aen.
628 3227 783 3295 Vlll.
815 3231 974 3297 160:
1008 3232 1220 3315 „Tum
1248 3230 1406 3297 mihi
1440 3233 1652 3319 prima
1681 3253 1884 3317 genas
1914 3232 2202 3297 vestibat
2234 3229 2341 3297 flo
2360 3253 2445 3297 re
2477 3235 2585 3317 ju-

439 3340 759 3401 venta.“
853 3335 1166 3425 Calpurn.
1213 3336 1356 3404 Ecl.
1404 3336 1469 3402 ll.
1521 3338 1637 3404 89:
1700 3335 1967 3419 „flore
2030 3339 2426 3425 juventae
2481 3339 2586 3403 In-

442 3436 696 3504 duimus
741 3440 1030 3507 vultus.“
1097 3442 1348 3508 Auson.
1381 3443 1646 3507 Parent.
1685 3442 1790 3525 14,
1840 3444 1904 3507 3.
1951 3440 2154 3509 Anth.
2198 3444 2347 3528 Lat.
2390 3444 2437 3508 Ι.
2472 3444 2579 3527 89,

439 3544 542 3610 63.
593 3545 766 3613 Galli
811 3548 1002 3635 Eleg.
1036 3550 1118 3615 37
1164 3574 1229 3638 p.
1267 3550 1392 3615 189
1425 3548 1737 3615 Wernsd.
1800 3549 2029 3615 Barth.
2068 3549 2273 3617 Theb.
2313 3549 2417 3617 Vl.
2456 3550 2581 3615 199

433 3674 496 3737 p.
523 3651 654 3718 423
681 3663 745 3717 et
775 3654 908 3719 585
939 3678 1002 3741 p.
1029 3655 1180 3719 556.
1205 3656 1290 3720 V.
1318 3656 1445 3719 228
1478 3678 1544 3747 Ρ.
1573 3655 1722 3719 129.
1748 3654 1803 3719 Ι.
1835 3654 1960 3721 705
1991 3678 2054 3743 Ρ.
2089 3654 2219 3721 235
2252 3678 2345 3742 sq.
2371 3653 2580 3719 Drak.

433 3756 546 3821 Sil.
579 3758 634 3821 I.
669 3759 798 3824 376
831 3784 894 3847 p.
929 3762 1017 3826 34
1051 3771 1116 3826 et
1148 3759 1322 3826 XVI.
1357 3761 1488 3825 406
1519 3784 1584 3847 p.
1620 3761 1770 3826 821.
1820 3760 2002 3828 Cort.
2034 3762 2282 3825 Lucan.
2309 3758 2415 3824 Vl.
2450 3759 2581 3825 562

431 3883 495 3948 Ρ.
528 3862 635 3928 96.
705 3864 930 3930 Burm.
960 3864 1237 3931 Anth.1.
1273 3864 1336 3931 d.
1407 3864 1558 3933 Alio
1607 3876 1861 3953 spectat
1908 3865 2347 3948 Quintilianus
2391 3864 2578 3931 Decl.

431 3966 543 4033 IX.
592 3970 632 4033 9
679 3992 744 4057 Ρ.
800 3970 960 4036 198:
1009 3972 1241 4059 „jacet
1286 3970 1622 4036 confectus
1668 3970 2047 4036 vulneribus
2095 3980 2161 4035 et
2206 3971 2417 4058 primo
2452 3973 2581 4059 ju-

431 4084 740 4141 ventae
789 4075 1007 4141 flore
1055 4076 1594 4160 fraudatus,“
1642 4075 1817 4163 quod
1862 4076 1945 4141 ab
1978 4075 2221 4141 Ovidio
2254 4086 2579 4165 sumptum

431 4180 590 4245 Met.
660 4181 750 4246 X.
827 4181 980 4247 196:
1051 4181 1379 4264 „Laberis
1450 4178 1771 4247 Oebalide
1855 4183 2117 4267 prima
2192 4181 2577 4251 fraudate

421 4287 824 4371 juventa“
884 4286 1199 4352 indicavit
1255 4287 1649 4353 Gronovius.
1722 4286 1873 4351 add.
1921 4287 2089 4351 Prie.
2138 4284 2576 4374 ApulaApol.

428 4413 492 4477 p.
557 4391 712 4456 444.

2206 4498 2270 4547 3·
