<?xml version="1.0" encoding="UTF-8"?>
<!DOCTYPE html PUBLIC "-//W3C//DTD XHTML 1.0 Transitional//EN"
    "http://www.w3.org/TR/xhtml1/DTD/xhtml1-transitional.dtd">
<html xmlns="http://www.w3.org/1999/xhtml" xml:lang="en" lang="en">
 <head>
  <title>
</title>
<meta http-equiv="Content-Type" content="text/html;charset=utf-8" />
  <meta name='ocr-system' content='tesseract 3.04.00' />
  <meta name='ocr-capabilities' content='ocr_page ocr_carea ocr_par ocr_line ocrx_word'/>
</head>
<body>
  <div class='ocr_page' id='page_1' title='image "./ppapiniistatiie00ungegoog_0130.png"; bbox 0 0 3234 4967; ppageno 0'>
   <div class='ocr_carea' id='block_1_1' title="bbox 623 327 1908 395">
    <p class='ocr_par' dir='ltr' id='par_1_1' title="bbox 623 327 1908 395">
     <span class='ocr_line' id='line_1_1' title="bbox 623 327 1908 395; baseline 0.003 -16"><span class='ocrx_word' id='word_1_1' title='bbox 623 327 751 395; x_wconf 81' lang='lat'>122</span> <span class='ocrx_word' id='word_1_2' title='bbox 1560 330 1786 385; x_wconf 66' lang='lat' dir='ltr'>Adnot.</span> <span class='ocrx_word' id='word_1_3' title='bbox 1825 332 1908 384; x_wconf 79' lang='lat'>76.</span> 
     </span>
    </p>
   </div>
   <div class='ocr_carea' id='block_1_2' title="bbox 616 494 2792 737">
    <p class='ocr_par' dir='ltr' id='par_1_2' title="bbox 616 494 2792 737">
     <span class='ocr_line' id='line_1_2' title="bbox 616 494 2792 630; baseline 0.004 -29"><span class='ocrx_word' id='word_1_4' title='bbox 616 544 867 617; x_wconf 87' lang='lat' dir='ltr'>tuum,</span> <span class='ocrx_word' id='word_1_5' title='bbox 914 494 1249 619; x_wconf 59' lang='lat' dir='ltr'>Lissenm,</span> <span class='ocrx_word' id='word_1_6' title='bbox 1297 560 1487 604; x_wconf 90' lang='lat' dir='ltr'>omen</span> <span class='ocrx_word' id='word_1_7' title='bbox 1522 541 1690 628; x_wconf 88' lang='lat' dir='ltr'>jam</span> <span class='ocrx_word' id='word_1_8' title='bbox 1733 540 2045 628; x_wconf 79' lang='lat' dir='ltr'>perderet</span> <span class='ocrx_word' id='word_1_9' title='bbox 2089 543 2427 624; x_wconf 82' lang='lat' dir='ltr'>Parea‚“</span> <span class='ocrx_word' id='word_1_10' title='bbox 2472 543 2542 609; x_wconf 93' lang='lat' dir='ltr'>id</span> <span class='ocrx_word' id='word_1_11' title='bbox 2589 544 2792 630; x_wconf 79' lang='lat' dir='ltr'>quod&#39;</span> 
     </span>
     <span class='ocr_line' id='line_1_3' title="bbox 616 642 2762 737; baseline 0.003 -31"><span class='ocrx_word' id='word_1_12' title='bbox 616 642 859 727; x_wconf 86' lang='lat' dir='ltr'>exiguo</span> <span class='ocrx_word' id='word_1_13' title='bbox 950 651 1189 724; x_wconf 75' lang='lat' dir='ltr'>conatu</span> <span class='ocrx_word' id='word_1_14' title='bbox 1234 646 1461 733; x_wconf 86' lang='lat' dir='ltr'>perfici</span> <span class='ocrx_word' id='word_1_15' title='bbox 1510 646 1749 711; x_wconf 79' lang='lat' dir='ltr'>docent</span> <span class='ocrx_word' id='word_1_16' title='bbox 1793 656 1930 712; x_wconf 87' lang='lat' dir='ltr'>tum</span> <span class='ocrx_word' id='word_1_17' title='bbox 1975 648 2304 737; x_wconf 83' lang='lat' dir='ltr'>Propertii</span> <span class='ocrx_word' id='word_1_18' title='bbox 2347 647 2474 714; x_wconf 89' lang='lat' dir='ltr'>loci</span> <span class='ocrx_word' id='word_1_19' title='bbox 2517 648 2606 715; x_wconf 89' lang='grc' dir='ltr'><strong>ΙΙ.</strong></span> <span class='ocrx_word' id='word_1_20' title='bbox 2655 648 2762 731; x_wconf 82' lang='grc'>25,</span> 
     </span>
    </p>
   </div>
   <div class='ocr_carea' id='block_1_3' title="bbox 606 748 2768 1057">
    <p class='ocr_par' dir='ltr' id='par_1_3' title="bbox 606 748 2768 1057">
     <span class='ocr_line' id='line_1_4' title="bbox 616 748 2759 843; baseline 0.005 -30"><span class='ocrx_word' id='word_1_21' title='bbox 616 750 704 813; x_wconf 84' lang='grc'>82</span> <span class='ocrx_word' id='word_1_22' title='bbox 750 748 1039 835; x_wconf 86' lang='lat' dir='ltr'>peritus.</span> <span class='ocrx_word' id='word_1_23' title='bbox 1088 750 1280 815; x_wconf 78' lang='lat' dir='ltr'>Voss·</span> <span class='ocrx_word' id='word_1_24' title='bbox 1327 774 1426 839; x_wconf 86' lang='lat' dir='ltr'>pr.</span> <span class='ocrx_word' id='word_1_25' title='bbox 1474 761 1823 840; x_wconf 84' lang='lat' dir='ltr'>paratus.</span> <span class='ocrx_word' id='word_1_26' title='bbox 1857 755 2044 820; x_wconf 90' lang='lat' dir='ltr'>Leid.</span> <span class='ocrx_word' id='word_1_27' title='bbox 2093 777 2378 843; x_wconf 89' lang='lat' dir='ltr'>parvus</span> <span class='ocrx_word' id='word_1_28' title='bbox 2425 754 2542 843; x_wconf 80' lang='lat' dir='ltr'><strong>(of.</strong></span> <span class='ocrx_word' id='word_1_29' title='bbox 2590 754 2759 823; x_wconf 85' lang='lat' dir='ltr'>Con-</span> 
     </span>
     <span class='ocr_line' id='line_1_5' title="bbox 606 853 2768 968; baseline 0.004 -50"><span class='ocrx_word' id='word_1_30' title='bbox 606 856 767 942; x_wconf 87' lang='lat' dir='ltr'>jeet.</span> <span class='ocrx_word' id='word_1_31' title='bbox 814 853 1027 944; x_wconf 80' lang='lat' dir='ltr'>th).</span> <span class='ocrx_word' id='word_1_32' title='bbox 1076 855 1191 921; x_wconf 89' lang='grc' dir='ltr'><strong>ΙΙΙ.</strong></span> <span class='ocrx_word' id='word_1_33' title='bbox 1243 859 1315 940; x_wconf 91' lang='grc'>1,</span> <span class='ocrx_word' id='word_1_34' title='bbox 1386 859 1505 941; x_wconf 83' lang='grc'>27,</span> <span class='ocrx_word' id='word_1_35' title='bbox 1566 859 1652 924; x_wconf 89' lang='lat' dir='ltr'>de</span> <span class='ocrx_word' id='word_1_36' title='bbox 1698 882 1825 947; x_wconf 91' lang='lat' dir='ltr'>quo</span> <span class='ocrx_word' id='word_1_37' title='bbox 1873 861 1942 925; x_wconf 89' lang='lat' dir='ltr'>in</span> <span class='ocrx_word' id='word_1_38' title='bbox 1987 860 2312 927; x_wconf 86' lang='lat' dir='ltr'>Emendd.</span> <span class='ocrx_word' id='word_1_39' title='bbox 2342 860 2426 968; x_wconf 35' lang='lat'>⁶11.</span> <span class='ocrx_word' id='word_1_40' title='bbox 2475 862 2518 925; x_wconf 90' lang='lat'>4</span> <span class='ocrx_word' id='word_1_41' title='bbox 2567 861 2768 949; x_wconf 86' lang='lat' dir='ltr'>expli-</span> 
     </span>
     <span class='ocr_line' id='line_1_6' title="bbox 618 959 2765 1057; baseline 0.004 -32"><span class='ocrx_word' id='word_1_42' title='bbox 618 961 895 1027; x_wconf 78' lang='lat' dir='ltr'>cabitur.</span> <span class='ocrx_word' id='word_1_43' title='bbox 940 959 1031 1026; x_wconf 90' lang='lat' dir='ltr'><strong>lll.</strong></span> <span class='ocrx_word' id='word_1_44' title='bbox 1079 964 1141 1045; x_wconf 85' lang='lat'>3,</span> <span class='ocrx_word' id='word_1_45' title='bbox 1175 963 1263 1028; x_wconf 87' lang='lat'>40</span> <span class='ocrx_word' id='word_1_46' title='bbox 1306 987 1529 1052; x_wconf 82' lang='lat' dir='ltr'>parca</span> <span class='ocrx_word' id='word_1_47' title='bbox 1572 1004 1661 1015; x_wconf 91' lang='lat'>—-</span> <span class='ocrx_word' id='word_1_48' title='bbox 1709 966 1836 1031; x_wconf 87' lang='lat' dir='ltr'>die.</span> <span class='ocrx_word' id='word_1_49' title='bbox 1883 966 2112 1033; x_wconf 78' lang='lat' dir='ltr'>Heius·</span> <span class='ocrx_word' id='word_1_50' title='bbox 2160 976 2228 1033; x_wconf 90' lang='lat' dir='ltr'>et</span> <span class='ocrx_word' id='word_1_51' title='bbox 2271 968 2496 1033; x_wconf 86' lang='lat' dir='ltr'>Burm.</span> <span class='ocrx_word' id='word_1_52' title='bbox 2545 977 2765 1057; x_wconf 86' lang='lat' dir='ltr'>parta.</span> 
     </span>
    </p>
   </div>
   <div class='ocr_carea' id='block_1_4' title="bbox 616 1066 2771 1585">
    <p class='ocr_par' dir='ltr' id='par_1_4' title="bbox 616 1066 2771 1585">
     <span class='ocr_line' id='line_1_7' title="bbox 616 1066 2764 1159; baseline 0.003 -26"><span class='ocrx_word' id='word_1_53' title='bbox 616 1066 885 1133; x_wconf 75' lang='lat' dir='ltr'>Lachm.</span> <span class='ocrx_word' id='word_1_54' title='bbox 930 1066 1099 1133; x_wconf 81' lang='lat' dir='ltr'>Parc</span> <span class='ocrx_word' id='word_1_55' title='bbox 1114 1090 1199 1134; x_wconf 87' lang='lat' dir='ltr'>ae</span> <span class='ocrx_word' id='word_1_56' title='bbox 1248 1078 1315 1135; x_wconf 89' lang='lat' dir='ltr'>et</span> <span class='ocrx_word' id='word_1_57' title='bbox 1358 1094 1521 1159; x_wconf 85' lang='lat' dir='ltr'>quos</span> <span class='ocrx_word' id='word_1_58' title='bbox 1577 1072 1796 1138; x_wconf 84' lang='lat' dir='ltr'>attulit</span> <span class='ocrx_word' id='word_1_59' title='bbox 1857 1073 2119 1140; x_wconf 86' lang='lat' dir='ltr'>Cortius</span> <span class='ocrx_word' id='word_1_60' title='bbox 2173 1074 2421 1141; x_wconf 84' lang='lat' dir='ltr'>Lucan.</span> <span class='ocrx_word' id='word_1_61' title='bbox 2479 1074 2564 1141; x_wconf 88' lang='lat' dir='ltr'>V.</span> <span class='ocrx_word' id='word_1_62' title='bbox 2613 1074 2764 1139; x_wconf 76' lang='lat'>505.</span> 
     </span>
     <span class='ocr_line' id='line_1_8' title="bbox 617 1172 2771 1269; baseline 0.004 -32"><span class='ocrx_word' id='word_1_63' title='bbox 617 1197 682 1260; x_wconf 85' lang='lat' dir='ltr'>p.</span> <span class='ocrx_word' id='word_1_64' title='bbox 732 1173 883 1257; x_wconf 86' lang='lat'><strong>644,</strong></span> <span class='ocrx_word' id='word_1_65' title='bbox 900 1172 969 1263; x_wconf 64' lang='lat'>⁸⁸)</span> <span class='ocrx_word' id='word_1_66' title='bbox 1017 1183 1155 1239; x_wconf 85' lang='lat' dir='ltr'>tum</span> <span class='ocrx_word' id='word_1_67' title='bbox 1202 1198 1437 1242; x_wconf 87' lang='lat' dir='ltr'>vocum</span> <span class='ocrx_word' id='word_1_68' title='bbox 1471 1180 1642 1265; x_wconf 81' lang='lat' dir='ltr'>jam</span> <span class='ocrx_word' id='word_1_69' title='bbox 1689 1188 1756 1244; x_wconf 89' lang='lat' dir='ltr'>et</span> <span class='ocrx_word' id='word_1_70' title='bbox 1813 1188 1971 1245; x_wconf 80' lang='lat' dir='ltr'>tam</span> <span class='ocrx_word' id='word_1_71' title='bbox 2017 1182 2396 1269; x_wconf 80' lang='lat' dir='ltr'>saepissime</span> <span class='ocrx_word' id='word_1_72' title='bbox 2443 1190 2771 1269; x_wconf 82' lang='lat' dir='ltr'>permuta-</span> 
     </span>
     <span class='ocr_line' id='line_1_9' title="bbox 616 1282 2770 1370; baseline 0.005 -27"><span class='ocrx_word' id='word_1_73' title='bbox 616 1288 832 1345; x_wconf 78' lang='lat' dir='ltr'>tarum</span> <span class='ocrx_word' id='word_1_74' title='bbox 878 1289 1081 1347; x_wconf 81' lang='lat' dir='ltr'>testes</span> <span class='ocrx_word' id='word_1_75' title='bbox 1126 1282 1437 1349; x_wconf 86' lang='lat' dir='ltr'>Dukerus</span> <span class='ocrx_word' id='word_1_76' title='bbox 1484 1293 1552 1350; x_wconf 91' lang='lat' dir='ltr'>et</span> <span class='ocrx_word' id='word_1_77' title='bbox 1596 1285 2182 1353; x_wconf 82' lang='lat' dir='ltr'>Drakenborchius</span> <span class='ocrx_word' id='word_1_78' title='bbox 2249 1288 2395 1353; x_wconf 85' lang='lat' dir='ltr'>Liv.</span> <span class='ocrx_word' id='word_1_79' title='bbox 2466 1286 2532 1352; x_wconf 90' lang='lat' dir='ltr'>ll.</span> <span class='ocrx_word' id='word_1_80' title='bbox 2593 1287 2665 1370; x_wconf 80' lang='lat'>5,</span> <span class='ocrx_word' id='word_1_81' title='bbox 2725 1288 2770 1353; x_wconf 81' lang='lat'>4</span> 
     </span>
     <span class='ocr_line' id='line_1_10' title="bbox 616 1387 2766 1479; baseline 0.004 -29"><span class='ocrx_word' id='word_1_82' title='bbox 616 1410 677 1474; x_wconf 87' lang='lat' dir='ltr'>p.</span> <span class='ocrx_word' id='word_1_83' title='bbox 726 1387 817 1451; x_wconf 88' lang='lat'>44</span> <span class='ocrx_word' id='word_1_84' title='bbox 862 1411 959 1475; x_wconf 85' lang='lat' dir='ltr'>sq.</span> <span class='ocrx_word' id='word_1_85' title='bbox 1008 1396 1075 1453; x_wconf 90' lang='lat' dir='ltr'>et</span> <span class='ocrx_word' id='word_1_86' title='bbox 1120 1410 1283 1477; x_wconf 84' lang='lat' dir='ltr'>quos</span> <span class='ocrx_word' id='word_1_87' title='bbox 1328 1391 1622 1456; x_wconf 83' lang='lat' dir='ltr'>nominat</span> <span class='ocrx_word' id='word_1_88' title='bbox 1679 1392 2042 1479; x_wconf 84' lang='lat' dir='ltr'>Seyffertus</span> <span class='ocrx_word' id='word_1_89' title='bbox 2105 1393 2245 1460; x_wconf 85' lang='lat' dir='ltr'>Cic.</span> <span class='ocrx_word' id='word_1_90' title='bbox 2307 1394 2502 1459; x_wconf 85' lang='lat' dir='ltr'>Tusc.</span> <span class='ocrx_word' id='word_1_91' title='bbox 2548 1393 2656 1458; x_wconf 88' lang='lat' dir='ltr'>lV.</span> <span class='ocrx_word' id='word_1_92' title='bbox 2703 1394 2766 1475; x_wconf 86' lang='lat'>3,</span> 
     </span>
     <span class='ocr_line' id='line_1_11' title="bbox 620 1493 1910 1585; baseline 0.006 -29"><span class='ocrx_word' id='word_1_93' title='bbox 620 1493 656 1557; x_wconf 82' lang='lat'><strong>7</strong></span> <span class='ocrx_word' id='word_1_94' title='bbox 706 1515 769 1581; x_wconf 87' lang='lat' dir='ltr'>p.</span> <span class='ocrx_word' id='word_1_95' title='bbox 821 1494 923 1558; x_wconf 81' lang='lat'>72.</span> <span class='ocrx_word' id='word_1_96' title='bbox 971 1494 1268 1578; x_wconf 79' lang='lat' dir='ltr'>Accedit,</span> <span class='ocrx_word' id='word_1_97' title='bbox 1319 1497 1495 1585; x_wconf 88' lang='lat' dir='ltr'>quod</span> <span class='ocrx_word' id='word_1_98' title='bbox 1542 1498 1630 1563; x_wconf 85' lang='lat' dir='ltr'>ad</span> <span class='ocrx_word' id='word_1_99' title='bbox 1675 1498 1910 1565; x_wconf 81' lang='lat' dir='ltr'>verba:</span> 
     </span>
    </p>
   </div>
   <div class='ocr_carea' id='block_1_5' title="bbox 928 1622 1897 1774">
    <p class='ocr_par' dir='ltr' id='par_1_5' title="bbox 928 1622 1897 1774">
     <span class='ocr_line' id='line_1_12' title="bbox 1330 1622 1897 1690; baseline 0.012 -17"><span class='ocrx_word' id='word_1_100' title='bbox 1330 1638 1396 1673; x_wconf 88' lang='lat' dir='ltr'>ne</span> <span class='ocrx_word' id='word_1_101' title='bbox 1435 1622 1684 1690; x_wconf 81' lang='lat' dir='ltr'>perderet</span> <span class='ocrx_word' id='word_1_102' title='bbox 1721 1638 1897 1680; x_wconf 70' lang='lat' dir='ltr'>omen,</span> 
     </span>
     <span class='ocr_line' id='line_1_13' title="bbox 928 1705 1774 1774; baseline 0.002 -15"><span class='ocrx_word' id='word_1_103' title='bbox 928 1705 1185 1763; x_wconf 76' lang='lat' dir='ltr'>Libertas,</span> <span class='ocrx_word' id='word_1_104' title='bbox 1216 1706 1351 1774; x_wconf 78' lang='lat' dir='ltr'>jam</span> <span class='ocrx_word' id='word_1_105' title='bbox 1391 1708 1551 1761; x_wconf 71' lang='lat' dir='ltr'>Parca</span> <span class='ocrx_word' id='word_1_106' title='bbox 1590 1716 1774 1761; x_wconf 82' lang='lat' dir='ltr'>tuum</span> 
     </span>
    </p>
   </div>
   <div class='ocr_carea' id='block_1_6' title="bbox 614 1806 2829 2532">
    <p class='ocr_par' dir='ltr' id='par_1_6' title="bbox 614 1806 2829 2532">
     <span class='ocr_line' id='line_1_14' title="bbox 615 1806 2829 1898; baseline 0.002 -29"><span class='ocrx_word' id='word_1_107' title='bbox 615 1806 687 1870; x_wconf 85' lang='lat' dir='ltr'>in</span> <span class='ocrx_word' id='word_1_108' title='bbox 714 1828 880 1889; x_wconf 82' lang='lat' dir='ltr'>earn,</span> <span class='ocrx_word' id='word_1_109' title='bbox 914 1829 1105 1893; x_wconf 77' lang='lat' dir='ltr'>quam</span> <span class='ocrx_word' id='word_1_110' title='bbox 1128 1809 1471 1892; x_wconf 86' lang='lat' dir='ltr'>cernimus,</span> <span class='ocrx_word' id='word_1_111' title='bbox 1498 1810 1781 1898; x_wconf 85' lang='lat' dir='ltr'>speeiem</span> <span class='ocrx_word' id='word_1_112' title='bbox 1807 1807 2263 1897; x_wconf 84' lang='lat' dir='ltr'>detorquenda</span> <span class='ocrx_word' id='word_1_113' title='bbox 2283 1807 2568 1875; x_wconf 73' lang='lat' dir='ltr'>valuisse</span> <span class='ocrx_word' id='word_1_114' title='bbox 2595 1808 2770 1873; x_wconf 83' lang='lat' dir='ltr'>vide·</span> <span class='ocrx_word' id='word_1_115' title='bbox 2817 1844 2829 1854; x_wconf 94' lang='lat'>-</span> 
     </span>
     <span class='ocr_line' id='line_1_15' title="bbox 618 1904 2768 2003; baseline 0.002 -28"><span class='ocrx_word' id='word_1_116' title='bbox 618 1920 726 1976; x_wconf 87' lang='lat' dir='ltr'>tur</span> <span class='ocrx_word' id='word_1_117' title='bbox 742 1934 887 1977; x_wconf 87' lang='lat' dir='ltr'>cum</span> <span class='ocrx_word' id='word_1_118' title='bbox 902 1912 1017 1979; x_wconf 83' lang='lat' dir='ltr'>illa</span> <span class='ocrx_word' id='word_1_119' title='bbox 1029 1904 1283 1980; x_wconf 83' lang='lat' dir='ltr'>litteras</span> <span class='ocrx_word' id='word_1_120' title='bbox 1306 1914 1683 2002; x_wconf 83' lang='lat' dir='ltr'>appellandi</span> <span class='ocrx_word' id='word_1_121' title='bbox 1705 1917 2064 1999; x_wconf 82' lang='lat' dir='ltr'>temeritas,</span> <span class='ocrx_word' id='word_1_122' title='bbox 2093 1916 2176 1981; x_wconf 89' lang='lat' dir='ltr'>de</span> <span class='ocrx_word' id='word_1_123' title='bbox 2201 1938 2331 2003; x_wconf 86' lang='lat' dir='ltr'>qua</span> <span class='ocrx_word' id='word_1_124' title='bbox 2353 1916 2768 1981; x_wconf 85' lang='lat' dir='ltr'>existimatur</span> 
     </span>
     <span class='ocr_line' id='line_1_16' title="bbox 616 2017 2768 2089; baseline 0.002 -6"><span class='ocrx_word' id='word_1_125' title='bbox 616 2040 704 2083; x_wconf 80' lang='lat' dir='ltr'>ex</span> <span class='ocrx_word' id='word_1_126' title='bbox 720 2017 928 2084; x_wconf 88' lang='lat' dir='ltr'>Theb.</span> <span class='ocrx_word' id='word_1_127' title='bbox 941 2018 1083 2085; x_wconf 84' lang='lat' dir='ltr'><strong>Vll.</strong></span> <span class='ocrx_word' id='word_1_128' title='bbox 1114 2021 1241 2086; x_wconf 84' lang='lat'>173</span> <span class='ocrx_word' id='word_1_129' title='bbox 1264 2029 1471 2087; x_wconf 84' lang='lat' dir='ltr'>tuos:</span> <span class='ocrx_word' id='word_1_130' title='bbox 1506 2022 1695 2089; x_wconf 88' lang='lat' dir='ltr'>deos</span> <span class='ocrx_word' id='word_1_131' title='bbox 1721 2032 1788 2087; x_wconf 87' lang='lat' dir='ltr'>et</span> <span class='ocrx_word' id='word_1_132' title='bbox 1812 2021 2010 2089; x_wconf 86' lang='lat' dir='ltr'>Ovid.</span> <span class='ocrx_word' id='word_1_133' title='bbox 2036 2022 2220 2089; x_wconf 81' lang='lat' dir='ltr'>Fast.</span> <span class='ocrx_word' id='word_1_134' title='bbox 2245 2022 2360 2087; x_wconf 86' lang='lat' dir='ltr'>IV.</span> <span class='ocrx_word' id='word_1_135' title='bbox 2385 2020 2545 2087; x_wconf 83' lang='lat'>665:</span> <span class='ocrx_word' id='word_1_136' title='bbox 2570 2021 2768 2087; x_wconf 85' lang='lat' dir='ltr'>boum</span> 
     </span>
     <span class='ocr_line' id='line_1_17' title="bbox 616 2123 2770 2217; baseline 0.001 -27"><span class='ocrx_word' id='word_1_137' title='bbox 616 2162 705 2173; x_wconf 89' lang='lat'>——-</span> <span class='ocrx_word' id='word_1_138' title='bbox 735 2123 1051 2191; x_wconf 84' lang='lat' dir='ltr'>duarum.</span> <span class='ocrx_word' id='word_1_139' title='bbox 1090 2126 1185 2191; x_wconf 86' lang='lat' dir='ltr'>uf.</span> <span class='ocrx_word' id='word_1_140' title='bbox 1224 2137 1538 2194; x_wconf 87' lang='lat' dir='ltr'>tuarum</span> <span class='ocrx_word' id='word_1_141' title='bbox 1576 2138 1645 2193; x_wconf 87' lang='lat' dir='ltr'>et</span> <span class='ocrx_word' id='word_1_142' title='bbox 1678 2127 1991 2217; x_wconf 82' lang='lat' dir='ltr'>Calpurn.</span> <span class='ocrx_word' id='word_1_143' title='bbox 2031 2128 2174 2194; x_wconf 87' lang='lat' dir='ltr'>Ecl.</span> <span class='ocrx_word' id='word_1_144' title='bbox 2213 2127 2300 2193; x_wconf 89' lang='lat' dir='ltr'><strong>lll.</strong></span> <span class='ocrx_word' id='word_1_145' title='bbox 2338 2130 2411 2193; x_wconf 82' lang='lat'>3:</span> <span class='ocrx_word' id='word_1_146' title='bbox 2449 2127 2652 2193; x_wconf 82' lang='lat' dir='ltr'>duas</span> <span class='ocrx_word' id='word_1_147' title='bbox 2681 2166 2770 2177; x_wconf 88' lang='lat'>--</span> 
     </span>
     <span class='ocr_line' id='line_1_18' title="bbox 614 2228 2769 2322; baseline 0.002 -28"><span class='ocrx_word' id='word_1_148' title='bbox 614 2228 832 2295; x_wconf 77' lang='lat' dir='ltr'>horas·</span> <span class='ocrx_word' id='word_1_149' title='bbox 864 2230 1001 2295; x_wconf 81' lang='lat' dir='ltr'><strong>Pal.</strong></span> <span class='ocrx_word' id='word_1_150' title='bbox 1043 2241 1214 2298; x_wconf 83' lang='lat' dir='ltr'>tuas</span> <span class='ocrx_word' id='word_1_151' title='bbox 1230 2280 1247 2315; x_wconf 88' lang='lat'><strong><em>,</em></strong></span> <span class='ocrx_word' id='word_1_152' title='bbox 1296 2242 1432 2297; x_wconf 88' lang='lat' dir='ltr'>tum</span> <span class='ocrx_word' id='word_1_153' title='bbox 1481 2234 1851 2301; x_wconf 84' lang='lat' dir='ltr'>recordatio</span> <span class='ocrx_word' id='word_1_154' title='bbox 1893 2236 2046 2318; x_wconf 81' lang='lat' dir='ltr'>Titi,</span> <span class='ocrx_word' id='word_1_155' title='bbox 2097 2234 2206 2321; x_wconf 92' lang='lat' dir='ltr'>qui</span> <span class='ocrx_word' id='word_1_156' title='bbox 2254 2282 2294 2318; x_wconf 87' lang='lat'>„</span> <span class='ocrx_word' id='word_1_157' title='bbox 2315 2234 2446 2299; x_wconf 90' lang='lat' dir='ltr'>die</span> <span class='ocrx_word' id='word_1_158' title='bbox 2462 2258 2527 2299; x_wconf 91' lang='lat' dir='ltr'>m</span> <span class='ocrx_word' id='word_1_159' title='bbox 2574 2257 2769 2322; x_wconf 81' lang='lat' dir='ltr'>quan·</span> 
     </span>
     <span class='ocr_line' id='line_1_19' title="bbox 618 2335 2769 2428; baseline 0.002 -27"><span class='ocrx_word' id='word_1_160' title='bbox 618 2335 767 2401; x_wconf 83' lang='lat' dir='ltr'>dam</span> <span class='ocrx_word' id='word_1_161' title='bbox 816 2359 886 2401; x_wconf 87' lang='lat' dir='ltr'>se</span> <span class='ocrx_word' id='word_1_162' title='bbox 934 2336 1102 2403; x_wconf 87' lang='lat' dir='ltr'>dixit</span> <span class='ocrx_word' id='word_1_163' title='bbox 1146 2340 1656 2426; x_wconf 84' lang='lat' dir='ltr'>perdidisse,</span> <span class='ocrx_word' id='word_1_164' title='bbox 1715 2342 1784 2406; x_wconf 91' lang='lat' dir='ltr'>in</span> <span class='ocrx_word' id='word_1_165' title='bbox 1843 2363 1974 2428; x_wconf 88' lang='lat' dir='ltr'>qua</span> <span class='ocrx_word' id='word_1_166' title='bbox 1997 2340 2188 2405; x_wconf 80' lang='lat' dir='ltr'>‘nihil</span> <span class='ocrx_word' id='word_1_167' title='bbox 2231 2341 2530 2407; x_wconf 82' lang='lat' dir='ltr'>utilitatis</span> <span class='ocrx_word' id='word_1_168' title='bbox 2575 2339 2769 2405; x_wconf 84' lang='lat' dir='ltr'>alicui</span> 
     </span>
     <span class='ocr_line' id='line_1_20' title="bbox 619 2441 2768 2532; baseline 0.002 -25"><span class='ocrx_word' id='word_1_169' title='bbox 619 2441 1015 2526; x_wconf 81' lang='lat' dir='ltr'>contulerat,</span> <span class='ocrx_word' id='word_1_170' title='bbox 1033 2448 1073 2483; x_wconf 85' lang='lat'><strong><em>“</em></strong></span> <span class='ocrx_word' id='word_1_171' title='bbox 1142 2454 1219 2511; x_wconf 83' lang='lat' dir='ltr'>ut</span> <span class='ocrx_word' id='word_1_172' title='bbox 1278 2457 1376 2511; x_wconf 87' lang='lat' dir='ltr'>est</span> <span class='ocrx_word' id='word_1_173' title='bbox 1435 2448 1504 2511; x_wconf 91' lang='lat' dir='ltr'>in</span> <span class='ocrx_word' id='word_1_174' title='bbox 1567 2447 1678 2513; x_wconf 86' lang='lat' dir='ltr'>La</span> <span class='ocrx_word' id='word_1_175' title='bbox 1697 2449 1996 2514; x_wconf 83' lang='lat' dir='ltr'>etantii</span> <span class='ocrx_word' id='word_1_176' title='bbox 2069 2456 2456 2532; x_wconf 85' lang='lat' dir='ltr'>argumento</span> <span class='ocrx_word' id='word_1_177' title='bbox 2519 2446 2768 2513; x_wconf 84' lang='lat' dir='ltr'>Theba-</span> 
     </span>
    </p>
   </div>
   <div class='ocr_carea' id='block_1_7' title="bbox 756 2736 2768 4440">
    <p class='ocr_par' dir='ltr' id='par_1_7' title="bbox 756 2736 2768 4440">
     <span class='ocr_line' id='line_1_21' title="bbox 756 2736 2768 2815; baseline -0 -23"><span class='ocrx_word' id='word_1_178' title='bbox 756 2739 817 2804; x_wconf 80' lang='lat'>‘)</span> <span class='ocrx_word' id='word_1_179' title='bbox 855 2736 911 2793; x_wconf 91' lang='lat' dir='ltr'>ln</span> <span class='ocrx_word' id='word_1_180' title='bbox 940 2740 1135 2795; x_wconf 75' lang='lat' dir='ltr'>Parcae</span> <span class='ocrx_word' id='word_1_181' title='bbox 1162 2743 1429 2797; x_wconf 77' lang='lat' dir='ltr'>mentione</span> <span class='ocrx_word' id='word_1_182' title='bbox 1458 2742 1611 2797; x_wconf 84' lang='lat' dir='ltr'>detur</span> <span class='ocrx_word' id='word_1_183' title='bbox 1637 2742 1835 2815; x_wconf 80' lang='lat' dir='ltr'>aliquid</span> <span class='ocrx_word' id='word_1_184' title='bbox 1863 2743 1966 2799; x_wconf 85' lang='lat' dir='ltr'>loci</span> <span class='ocrx_word' id='word_1_185' title='bbox 1998 2743 2259 2797; x_wconf 82' lang='lat' dir='ltr'>Platoni</span> <span class='ocrx_word' id='word_1_186' title='bbox 2289 2742 2446 2812; x_wconf 74' lang='lat' dir='ltr'>Legg.</span> <span class='ocrx_word' id='word_1_187' title='bbox 2467 2738 2556 2795; x_wconf 85' lang='grc' dir='ltr'>ΧΙΙ</span> <span class='ocrx_word' id='word_1_188' title='bbox 2579 2740 2768 2809; x_wconf 75' lang='lat' dir='ltr'><strong>p.960‚</strong></span> 
     </span>
     <span class='ocr_line' id='line_1_22' title="bbox 860 2825 2766 2899; baseline 0 -22"><span class='ocrx_word' id='word_1_189' title='bbox 860 2825 926 2878; x_wconf 88' lang='lat' dir='ltr'>de</span> <span class='ocrx_word' id='word_1_190' title='bbox 965 2826 1116 2894; x_wconf 82' lang='lat' dir='ltr'>cujus</span> <span class='ocrx_word' id='word_1_191' title='bbox 1154 2832 1415 2882; x_wconf 81' lang='lat' dir='ltr'>sententia</span> <span class='ocrx_word' id='word_1_192' title='bbox 1454 2846 1553 2883; x_wconf 88' lang='lat' dir='ltr'>nee</span> <span class='ocrx_word' id='word_1_193' title='bbox 1592 2832 1764 2883; x_wconf 82' lang='lat' dir='ltr'>Astius</span> <span class='ocrx_word' id='word_1_194' title='bbox 1803 2846 1903 2883; x_wconf 84' lang='lat' dir='ltr'>nee</span> <span class='ocrx_word' id='word_1_195' title='bbox 1940 2831 2074 2883; x_wconf 78' lang='lat' dir='ltr'>alius</span> <span class='ocrx_word' id='word_1_196' title='bbox 2112 2830 2389 2899; x_wconf 82' lang='lat' dir='ltr'>quisquam</span> <span class='ocrx_word' id='word_1_197' title='bbox 2419 2827 2598 2881; x_wconf 78' lang='lat' dir='ltr'>habuit</span> <span class='ocrx_word' id='word_1_198' title='bbox 2625 2825 2766 2896; x_wconf 88' lang='lat' dir='ltr'>quod</span> 
     </span>
     <span class='ocr_line' id='line_1_23' title="bbox 860 2906 2764 2984; baseline -0.002 -21"><span class='ocrx_word' id='word_1_199' title='bbox 860 2910 1101 2981; x_wconf 80' lang='lat' dir='ltr'>liqueret.</span> <span class='ocrx_word' id='word_1_200' title='bbox 1175 2914 1546 2969; x_wconf 77' lang='lat' dir='ltr'>consideranti</span> <span class='ocrx_word' id='word_1_201' title='bbox 1595 2924 1768 2969; x_wconf 84' lang='lat' dir='ltr'>autem</span> <span class='ocrx_word' id='word_1_202' title='bbox 1811 2915 1971 2969; x_wconf 85' lang='lat' dir='ltr'>verba</span> <span class='ocrx_word' id='word_1_203' title='bbox 2009 2918 2090 2969; x_wconf 86' lang='lat' dir='ltr'>sie</span> <span class='ocrx_word' id='word_1_204' title='bbox 2127 2914 2366 2984; x_wconf 78' lang='lat' dir='ltr'>prodita:</span> <span class='ocrx_word' id='word_1_205' title='bbox 2415 2906 2489 2964; x_wconf 87' lang='grc' dir='ltr'>Τὸ</span> <span class='ocrx_word' id='word_1_206' title='bbox 2528 2908 2764 2982; x_wconf 77' lang='grc' dir='ltr'><em>Λάχεσιν</em></span> 
     </span>
     <span class='ocr_line' id='line_1_24' title="bbox 857 2992 2765 3069; baseline 0 -23"><span class='ocrx_word' id='word_1_207' title='bbox 857 2995 960 3060; x_wconf 85' lang='grc' dir='ltr'>μὲν</span> <span class='ocrx_word' id='word_1_208' title='bbox 996 2996 1095 3064; x_wconf 83' lang='grc' dir='ltr'><em>τὴν</em></span> <span class='ocrx_word' id='word_1_209' title='bbox 1132 2997 1354 3069; x_wconf 81' lang='grc' dir='ltr'><em>πρώτην</em></span> <span class='ocrx_word' id='word_1_210' title='bbox 1394 2998 1550 3059; x_wconf 75' lang='grc' dir='ltr'><em>εἶναι,</em></span> <span class='ocrx_word' id='word_1_211' title='bbox 1589 2995 1816 3054; x_wconf 73' lang='grc' dir='ltr'><em>Κλωθὼ</em></span> <span class='ocrx_word' id='word_1_212' title='bbox 1853 3000 1916 3052; x_wconf 84' lang='grc' dir='ltr'>δὲ</span> <span class='ocrx_word' id='word_1_213' title='bbox 1941 2999 2040 3069; x_wconf 80' lang='grc' dir='ltr'><em>τὴν</em></span> <span class='ocrx_word' id='word_1_214' title='bbox 2066 2998 2354 3068; x_wconf 81' lang='grc' dir='ltr'>δευτέραν,</span> <span class='ocrx_word' id='word_1_215' title='bbox 2381 2998 2478 3068; x_wconf 81' lang='grc' dir='ltr'><em>τὴν</em></span> <span class='ocrx_word' id='word_1_216' title='bbox 2503 2992 2765 3065; x_wconf 74' lang='grc' dir='ltr'><em>’Ἄτροπον</em></span> 
     </span>
     <span class='ocr_line' id='line_1_25' title="bbox 862 3080 2764 3157; baseline 0 -26"><span class='ocrx_word' id='word_1_217' title='bbox 862 3080 925 3133; x_wconf 79' lang='grc' dir='ltr'>δὲ</span> <span class='ocrx_word' id='word_1_218' title='bbox 984 3081 1169 3151; x_wconf 78' lang='grc' dir='ltr'><em>τρίτην</em></span> <span class='ocrx_word' id='word_1_219' title='bbox 1230 3083 1499 3154; x_wconf 77' lang='grc' dir='ltr'><strong><em>σώτειραν</em></strong></span> <span class='ocrx_word' id='word_1_220' title='bbox 1562 3089 1671 3139; x_wconf 85' lang='grc' dir='ltr'><em>τῶν</em></span> <span class='ocrx_word' id='word_1_221' title='bbox 1721 3085 2057 3157; x_wconf 69' lang='grc' dir='ltr'><em>λεχθέντων,</em></span> <span class='ocrx_word' id='word_1_222' title='bbox 2119 3084 2487 3148; x_wconf 78' lang='grc' dir='ltr'><em>ἀπεικασμένα</em></span> <span class='ocrx_word' id='word_1_223' title='bbox 2542 3080 2607 3154; x_wconf 72' lang='grc' dir='ltr'><em>τῇ</em></span> <span class='ocrx_word' id='word_1_224' title='bbox 2655 3085 2764 3133; x_wconf 79' lang='grc' dir='ltr'><em>τῶν</em></span> 
     </span>
     <span class='ocr_line' id='line_1_26' title="bbox 862 3164 2764 3242; baseline -0.001 -23"><span class='ocrx_word' id='word_1_225' title='bbox 862 3164 1222 3221; x_wconf 66' lang='grc' dir='ltr'><em>κλωσθέντων</em></span> <span class='ocrx_word' id='word_1_226' title='bbox 1277 3170 1356 3240; x_wconf 79' lang='grc' dir='ltr'><em>τῷ</em></span> <span class='ocrx_word' id='word_1_227' title='bbox 1423 3170 1569 3241; x_wconf 81' lang='grc' dir='ltr'><em>πυρὶ,</em></span> <span class='ocrx_word' id='word_1_228' title='bbox 1646 3172 1743 3242; x_wconf 83' lang='grc' dir='ltr'><em>τὴν</em></span> <span class='ocrx_word' id='word_1_229' title='bbox 1814 3171 2238 3241; x_wconf 79' lang='grc' dir='ltr'><em>ἀμετάστροφον</em></span> <span class='ocrx_word' id='word_1_230' title='bbox 2304 3167 2764 3239; x_wconf 75' lang='grc' dir='ltr'><em>ἀπεργαζομένων</em></span> 
     </span>
     <span class='ocr_line' id='line_1_27' title="bbox 859 3252 2767 3325; baseline 0.002 -22"><span class='ocrx_word' id='word_1_231' title='bbox 859 3252 1319 3323; x_wconf 71' lang='grc' dir='ltr'><em>(ἀπεργαζομένω</em></span> <span class='ocrx_word' id='word_1_232' title='bbox 1380 3254 1457 3325; x_wconf 83' lang='grc' dir='ltr'>Χ)</span> <span class='ocrx_word' id='word_1_233' title='bbox 1526 3256 1754 3323; x_wconf 82' lang='grc' dir='ltr'><em>δύναμιν</em></span> <span class='ocrx_word' id='word_1_234' title='bbox 1818 3260 1918 3311; x_wconf 84' lang='lat' dir='ltr'>hoc</span> <span class='ocrx_word' id='word_1_235' title='bbox 1980 3259 2176 3312; x_wconf 78' lang='lat' dir='ltr'>diiticet</span> <span class='ocrx_word' id='word_1_236' title='bbox 2237 3258 2368 3311; x_wconf 84' lang='lat' dir='ltr'>dici:</span> <span class='ocrx_word' id='word_1_237' title='bbox 2426 3258 2493 3309; x_wconf 83' lang='lat' dir='ltr'>ab</span> <span class='ocrx_word' id='word_1_238' title='bbox 2553 3256 2767 3325; x_wconf 69' lang='lat' dir='ltr'>Mropo.</span> 
     </span>
     <span class='ocr_line' id='line_1_28' title="bbox 864 3343 2767 3410; baseline 0.001 -19"><span class='ocrx_word' id='word_1_239' title='bbox 864 3356 1000 3407; x_wconf 78' lang='lat' dir='ltr'>quae</span> <span class='ocrx_word' id='word_1_240' title='bbox 1051 3343 1118 3393; x_wconf 87' lang='lat' dir='ltr'>sit</span> <span class='ocrx_word' id='word_1_241' title='bbox 1156 3344 1306 3394; x_wconf 79' lang='lat' dir='ltr'>tertia</span> <span class='ocrx_word' id='word_1_242' title='bbox 1345 3360 1407 3395; x_wconf 80' lang='lat' dir='ltr'>ac</span> <span class='ocrx_word' id='word_1_243' title='bbox 1444 3361 1650 3396; x_wconf 79' lang='lat' dir='ltr'>sumina</span> <span class='ocrx_word' id='word_1_244' title='bbox 1679 3345 1858 3402; x_wconf 82' lang='lat' dir='ltr'>Parca,</span> <span class='ocrx_word' id='word_1_245' title='bbox 1895 3346 2094 3397; x_wconf 65' lang='lat' dir='ltr'>seriari</span> <span class='ocrx_word' id='word_1_246' title='bbox 2135 3352 2184 3397; x_wconf 87' lang='lat' dir='ltr'>et</span> <span class='ocrx_word' id='word_1_247' title='bbox 2219 3344 2476 3397; x_wconf 73' lang='lat' dir='ltr'>contineri</span> <span class='ocrx_word' id='word_1_248' title='bbox 2515 3358 2594 3399; x_wconf 79' lang='lat' dir='ltr'>ea,</span> <span class='ocrx_word' id='word_1_249' title='bbox 2632 3357 2767 3410; x_wconf 81' lang='lat' dir='ltr'>quae</span> 
     </span>
     <span class='ocr_line' id='line_1_29' title="bbox 860 3425 2765 3500; baseline 0.001 -23"><span class='ocrx_word' id='word_1_250' title='bbox 860 3442 890 3477; x_wconf 76' lang='lat' dir='ltr'>a</span> <span class='ocrx_word' id='word_1_251' title='bbox 942 3426 1160 3481; x_wconf 82' lang='lat' dir='ltr'>Lachesi</span> <span class='ocrx_word' id='word_1_252' title='bbox 1214 3436 1263 3481; x_wconf 89' lang='lat' dir='ltr'>et</span> <span class='ocrx_word' id='word_1_253' title='bbox 1312 3429 1499 3483; x_wconf 78' lang='lat' dir='ltr'>Clotho</span> <span class='ocrx_word' id='word_1_254' title='bbox 1544 3432 1810 3500; x_wconf 80' lang='lat' dir='ltr'>proticisci</span> <span class='ocrx_word' id='word_1_255' title='bbox 1851 3432 2086 3484; x_wconf 75' lang='lat' dir='ltr'>serantur</span> <span class='ocrx_word' id='word_1_256' title='bbox 2123 3430 2188 3483; x_wconf 80' lang='lat' dir='ltr'>et&#39;.</span> <span class='ocrx_word' id='word_1_257' title='bbox 2227 3430 2373 3499; x_wconf 79' lang='grc' dir='ltr'><strong>ΑΡυΙ.</strong></span> <span class='ocrx_word' id='word_1_258' title='bbox 2413 3428 2480 3480; x_wconf 82' lang='lat' dir='ltr'>de</span> <span class='ocrx_word' id='word_1_259' title='bbox 2517 3425 2765 3494; x_wconf 79' lang='lat' dir='ltr'>Orthogr.</span> 
     </span>
     <span class='ocr_line' id='line_1_30' title="bbox 860 3510 2765 3585; baseline 0.001 -23"><span class='ocrx_word' id='word_1_260' title='bbox 860 3510 891 3562; x_wconf 85' lang='grc'>3</span> <span class='ocrx_word' id='word_1_261' title='bbox 930 3528 982 3581; x_wconf 91' lang='grc' dir='ltr'>Ρ.</span> <span class='ocrx_word' id='word_1_262' title='bbox 1018 3513 1079 3565; x_wconf 76' lang='lat'>4:</span> <span class='ocrx_word' id='word_1_263' title='bbox 1136 3514 1359 3585; x_wconf 76' lang='lat' dir='ltr'>Atropos</span> <span class='ocrx_word' id='word_1_264' title='bbox 1394 3516 1537 3569; x_wconf 78' lang='lat' dir='ltr'>titum</span> <span class='ocrx_word' id='word_1_265' title='bbox 1578 3518 1630 3569; x_wconf 86' lang='lat' dir='ltr'>in</span> <span class='ocrx_word' id='word_1_266' title='bbox 1669 3518 1786 3569; x_wconf 79' lang='lat' dir='ltr'>fuso</span> <span class='ocrx_word' id='word_1_267' title='bbox 1825 3516 2195 3585; x_wconf 74' lang='lat' dir='ltr'>perfectum</span> <span class='ocrx_word' id='word_1_268' title='bbox 2235 3514 2556 3581; x_wconf 79' lang='lat' dir='ltr'>colligit.“</span> <span class='ocrx_word' id='word_1_269' title='bbox 2620 3512 2765 3564; x_wconf 85' lang='lat' dir='ltr'>Unde</span> 
     </span>
     <span class='ocr_line' id='line_1_31' title="bbox 858 3598 2766 3668; baseline -0.001 -18"><span class='ocrx_word' id='word_1_270' title='bbox 858 3606 1081 3668; x_wconf 77' lang='lat' dir='ltr'>apparet</span> <span class='ocrx_word' id='word_1_271' title='bbox 1119 3608 1246 3668; x_wconf 87' lang='lat' dir='ltr'>quot</span> <span class='ocrx_word' id='word_1_272' title='bbox 1294 3603 1527 3653; x_wconf 81' lang='lat' dir='ltr'>veritatis</span> <span class='ocrx_word' id='word_1_273' title='bbox 1564 3616 1818 3653; x_wconf 86' lang='lat' dir='ltr'>numeros</span> <span class='ocrx_word' id='word_1_274' title='bbox 1867 3598 2248 3661; x_wconf 66' lang='grc' dir='ltr'><em>κλωσθέντων,</em></span> <span class='ocrx_word' id='word_1_275' title='bbox 2304 3600 2520 3653; x_wconf 85' lang='lat' dir='ltr'>totidem</span> <span class='ocrx_word' id='word_1_276' title='bbox 2569 3598 2766 3651; x_wconf 77' lang='lat' dir='ltr'>habere</span> 
     </span>
     <span class='ocr_line' id='line_1_32' title="bbox 860 3682 2766 3755; baseline 0.001 -21"><span class='ocrx_word' id='word_1_277' title='bbox 860 3682 985 3754; x_wconf 81' lang='grc' dir='ltr'>ληχ</span> <span class='ocrx_word' id='word_1_278' title='bbox 1004 3684 1216 3749; x_wconf 74' lang='grc' dir='ltr'><em>θέντων</em></span> <span class='ocrx_word' id='word_1_279' title='bbox 1256 3686 1567 3739; x_wconf 79' lang='lat' dir='ltr'>vocabulum</span> <span class='ocrx_word' id='word_1_280' title='bbox 1622 3687 1925 3741; x_wconf 75' lang='lat' dir='ltr'>dubitanter</span> <span class='ocrx_word' id='word_1_281' title='bbox 1959 3704 1987 3739; x_wconf 81' lang='lat' dir='ltr'>a</span> <span class='ocrx_word' id='word_1_282' title='bbox 2029 3686 2266 3740; x_wconf 81' lang='lat' dir='ltr'>Bekkero</span> <span class='ocrx_word' id='word_1_283' title='bbox 2305 3686 2634 3755; x_wconf 82' lang='lat' dir='ltr'>propositum</span> <span class='ocrx_word' id='word_1_284' title='bbox 2674 3685 2766 3748; x_wconf 75' lang='lat' dir='ltr'>(cs.</span> 
     </span>
     <span class='ocr_line' id='line_1_33' title="bbox 859 3770 2765 3843; baseline -0.001 -20"><span class='ocrx_word' id='word_1_285' title='bbox 859 3770 1060 3837; x_wconf 80' lang='lat' dir='ltr'>Taylor.</span> <span class='ocrx_word' id='word_1_286' title='bbox 1090 3771 1205 3839; x_wconf 82' lang='lat' dir='ltr'>Lys.</span> <span class='ocrx_word' id='word_1_287' title='bbox 1245 3770 1371 3839; x_wconf 78' lang='grc' dir='ltr'><em>περὶ</em></span> <span class='ocrx_word' id='word_1_288' title='bbox 1412 3772 1607 3842; x_wconf 82' lang='grc' dir='ltr'>δημοσ.</span> <span class='ocrx_word' id='word_1_289' title='bbox 1628 3790 1798 3843; x_wconf 77' lang='grc' dir='ltr'><em>χρημ.</em></span> <span class='ocrx_word' id='word_1_290' title='bbox 1827 3791 1877 3843; x_wconf 93' lang='grc' dir='ltr'>Ρ.</span> <span class='ocrx_word' id='word_1_291' title='bbox 1905 3774 2020 3826; x_wconf 77' lang='grc'><strong>463.</strong></span> <span class='ocrx_word' id='word_1_292' title='bbox 2051 3772 2210 3827; x_wconf 86' lang='lat' dir='ltr'>Dobs.</span> <span class='ocrx_word' id='word_1_293' title='bbox 2243 3772 2296 3825; x_wconf 88' lang='lat' dir='ltr'>L.</span> <span class='ocrx_word' id='word_1_294' title='bbox 2325 3770 2560 3824; x_wconf 78' lang='lat' dir='ltr'>Dindorf.</span> <span class='ocrx_word' id='word_1_295' title='bbox 2585 3770 2765 3839; x_wconf 86' lang='lat' dir='ltr'>Steph.</span> 
     </span>
     <span class='ocr_line' id='line_1_34' title="bbox 857 3854 2766 3928; baseline -0.001 -20"><span class='ocrx_word' id='word_1_296' title='bbox 857 3855 1009 3910; x_wconf 83' lang='lat' dir='ltr'>Thes.</span> <span class='ocrx_word' id='word_1_297' title='bbox 1066 3854 1127 3909; x_wconf 83' lang='lat' dir='ltr'>V.</span> <span class='ocrx_word' id='word_1_298' title='bbox 1182 3874 1233 3926; x_wconf 84' lang='lat' dir='ltr'>p.</span> <span class='ocrx_word' id='word_1_299' title='bbox 1289 3860 1373 3909; x_wconf 85' lang='grc'><strong>27.</strong></span> <span class='ocrx_word' id='word_1_300' title='bbox 1428 3860 1537 3923; x_wconf 84' lang='grc' dir='ltr'><strong>Α.),</strong></span> <span class='ocrx_word' id='word_1_301' title='bbox 1594 3860 1764 3927; x_wconf 76' lang='lat' dir='ltr'>ipsam</span> <span class='ocrx_word' id='word_1_302' title='bbox 1822 3858 2052 3928; x_wconf 77' lang='lat' dir='ltr'>Atropon</span> <span class='ocrx_word' id='word_1_303' title='bbox 2109 3864 2284 3910; x_wconf 84' lang='lat' dir='ltr'>autem</span> <span class='ocrx_word' id='word_1_304' title='bbox 2339 3856 2564 3909; x_wconf 77' lang='lat' dir='ltr'>similem</span> <span class='ocrx_word' id='word_1_305' title='bbox 2619 3856 2766 3908; x_wconf 74' lang='lat' dir='ltr'>credi</span> 
     </span>
     <span class='ocr_line' id='line_1_35' title="bbox 862 3938 2768 4013; baseline -0.001 -21"><span class='ocrx_word' id='word_1_306' title='bbox 862 3940 1339 4012; x_wconf 79' lang='grc' dir='ltr'><em>(ἀπεικασμένην</em></span> <span class='ocrx_word' id='word_1_307' title='bbox 1396 3944 1460 3995; x_wconf 79' lang='lat' dir='ltr'>es.</span> <span class='ocrx_word' id='word_1_308' title='bbox 1514 3943 1654 3997; x_wconf 77' lang='lat' dir='ltr'>Bast.</span> <span class='ocrx_word' id='word_1_309' title='bbox 1705 3943 1908 3997; x_wconf 87' lang='lat' dir='ltr'>Comm.</span> <span class='ocrx_word' id='word_1_310' title='bbox 1958 3944 2064 3997; x_wconf 74' lang='lat' dir='ltr'>Pat.</span> <span class='ocrx_word' id='word_1_311' title='bbox 2098 3960 2152 4013; x_wconf 91' lang='grc' dir='ltr'><strong>Ρ.</strong></span> <span class='ocrx_word' id='word_1_312' title='bbox 2187 3944 2316 4008; x_wconf 79' lang='lat'>8¹8)</span> <span class='ocrx_word' id='word_1_313' title='bbox 2355 3939 2417 4010; x_wconf 81' lang='grc' dir='ltr'><em>τῇ</em></span> <span class='ocrx_word' id='word_1_314' title='bbox 2455 3943 2562 3993; x_wconf 82' lang='grc' dir='ltr'><em>τῶν</em></span> <span class='ocrx_word' id='word_1_315' title='bbox 2599 3938 2768 3991; x_wconf 80' lang='grc' dir='ltr'><em>κλωσ-</em></span> 
     </span>
     <span class='ocr_line' id='line_1_36' title="bbox 860 4023 2766 4099; baseline 0 -23"><span class='ocrx_word' id='word_1_316' title='bbox 860 4026 1075 4079; x_wconf 68' lang='grc' dir='ltr'><em>θέντων</em></span> <span class='ocrx_word' id='word_1_317' title='bbox 1112 4025 1372 4099; x_wconf 76' lang='grc' dir='ltr'><em>τολύπῃ</em></span> <span class='ocrx_word' id='word_1_318' title='bbox 1407 4027 1474 4099; x_wconf 78' lang='grc' dir='ltr'><em>τῇ</em></span> <span class='ocrx_word' id='word_1_319' title='bbox 1515 4029 1610 4098; x_wconf 76' lang='grc' dir='ltr'><em>τὴν</em></span> <span class='ocrx_word' id='word_1_320' title='bbox 1664 4028 2088 4098; x_wconf 81' lang='grc' dir='ltr'><em>ἀμετάστροφον</em></span> <span class='ocrx_word' id='word_1_321' title='bbox 2139 4026 2556 4096; x_wconf 78' lang='grc' dir='ltr'><em>ἀπεργαζομένῃ</em></span> <span class='ocrx_word' id='word_1_322' title='bbox 2606 4023 2766 4079; x_wconf 81' lang='grc' dir='ltr'><em>δύνα·</em></span> 
     </span>
     <span class='ocr_line' id='line_1_37' title="bbox 855 4102 2766 4185; baseline 0.001 -22"><span class='ocrx_word' id='word_1_323' title='bbox 855 4130 964 4175; x_wconf 79' lang='grc' dir='ltr'>μιν.</span> <span class='ocrx_word' id='word_1_324' title='bbox 1042 4108 1308 4185; x_wconf 70' lang='grc' dir='ltr'><em>Τολόπῃ</em></span> <span class='ocrx_word' id='word_1_325' title='bbox 1355 4116 1568 4185; x_wconf 84' lang='lat' dir='ltr'>quidem</span> <span class='ocrx_word' id='word_1_326' title='bbox 1627 4116 1904 4181; x_wconf 83' lang='lat' dir='ltr'>(Schneid.</span> <span class='ocrx_word' id='word_1_327' title='bbox 1954 4116 2168 4185; x_wconf 87' lang='lat' dir='ltr'>Scriptt.</span> <span class='ocrx_word' id='word_1_328' title='bbox 2221 4115 2277 4167; x_wconf 78' lang='lat' dir='ltr'>R.</span> <span class='ocrx_word' id='word_1_329' title='bbox 2327 4115 2469 4167; x_wconf 83' lang='lat' dir='ltr'>Rust.</span> <span class='ocrx_word' id='word_1_330' title='bbox 2516 4110 2598 4167; x_wconf 88' lang='lat' dir='ltr'>lv.</span> <span class='ocrx_word' id='word_1_331' title='bbox 2644 4113 2674 4164; x_wconf 83' lang='lat'>3</span> <span class='ocrx_word' id='word_1_332' title='bbox 2715 4102 2766 4180; x_wconf 87' lang='grc' dir='ltr'>Ρ.</span> 
     </span>
     <span class='ocr_line' id='line_1_38' title="bbox 858 4197 2764 4271; baseline 0.001 -22"><span class='ocrx_word' id='word_1_333' title='bbox 858 4197 983 4262; x_wconf 75' lang='lat'>36⁰)</span> <span class='ocrx_word' id='word_1_334' title='bbox 1052 4215 1157 4267; x_wconf 86' lang='lat' dir='ltr'>quo</span> <span class='ocrx_word' id='word_1_335' title='bbox 1221 4202 1418 4252; x_wconf 84' lang='lat' dir='ltr'>erroris</span> <span class='ocrx_word' id='word_1_336' title='bbox 1478 4216 1677 4268; x_wconf 80' lang='lat' dir='ltr'>genere</span> <span class='ocrx_word' id='word_1_337' title='bbox 1738 4197 1977 4271; x_wconf 78' lang='grc' dir='ltr'><em>τοπύλῃ,</em></span> <span class='ocrx_word' id='word_1_338' title='bbox 2050 4199 2174 4253; x_wconf 88' lang='lat' dir='ltr'>inde</span> <span class='ocrx_word' id='word_1_339' title='bbox 2233 4197 2311 4269; x_wconf 82' lang='grc' dir='ltr'><em>τῷ</em></span> <span class='ocrx_word' id='word_1_340' title='bbox 2384 4197 2513 4267; x_wconf 77' lang='grc' dir='ltr'><em>πυρὶ</em></span> <span class='ocrx_word' id='word_1_341' title='bbox 2573 4199 2764 4255; x_wconf 83' lang='lat' dir='ltr'>tactum</span> 
     </span>
     <span class='ocr_line' id='line_1_39' title="bbox 856 4284 2765 4354; baseline -0.001 -19"><span class='ocrx_word' id='word_1_342' title='bbox 856 4284 953 4341; x_wconf 83' lang='lat' dir='ltr'>sit,</span> <span class='ocrx_word' id='word_1_343' title='bbox 1015 4300 1078 4336; x_wconf 79' lang='lat' dir='ltr'>ex</span> <span class='ocrx_word' id='word_1_344' title='bbox 1138 4286 1203 4337; x_wconf 86' lang='lat' dir='ltr'>iis</span> <span class='ocrx_word' id='word_1_345' title='bbox 1265 4285 1571 4351; x_wconf 78' lang='lat' dir='ltr'>intelligitur</span> <span class='ocrx_word' id='word_1_346' title='bbox 1629 4285 1916 4353; x_wconf 78' lang='lat' dir='ltr'>exemptis,</span> <span class='ocrx_word' id='word_1_347' title='bbox 1977 4302 2112 4354; x_wconf 78' lang='lat' dir='ltr'>quae</span> <span class='ocrx_word' id='word_1_348' title='bbox 2162 4286 2532 4352; x_wconf 78' lang='lat' dir='ltr'>congessimus</span> <span class='ocrx_word' id='word_1_349' title='bbox 2580 4284 2765 4338; x_wconf 79' lang='lat' dir='ltr'>Eteett.</span> 
     </span>
     <span class='ocr_line' id='line_1_40' title="bbox 857 4370 1280 4440; baseline 0.005 -19"><span class='ocrx_word' id='word_1_350' title='bbox 857 4370 983 4421; x_wconf 85' lang='lat' dir='ltr'>Crit.</span> <span class='ocrx_word' id='word_1_351' title='bbox 1027 4385 1079 4438; x_wconf 91' lang='grc' dir='ltr'>Ρ.</span> <span class='ocrx_word' id='word_1_352' title='bbox 1123 4370 1153 4421; x_wconf 85' lang='grc'><strong>3</strong></span> <span class='ocrx_word' id='word_1_353' title='bbox 1197 4386 1280 4440; x_wconf 82' lang='lat' dir='ltr'>sq.</span> 
     </span>
    </p>
   </div>
  </div>
 </body>
</html>
