3234 4967
1335 372 1558 449 Adnot.
1595 397 1678 448 es.
2473 348 2594 459 163

1312 644 1389 721 v,
1457 645 1555 722 66
1616 672 1723 749 sq.

614 822 1003 911 Exponam,
1074 846 1206 913 qua
1273 825 1381 889 via
1448 846 1526 888 ac
1569 823 1826 890 ratione
1895 824 1964 887 in
2009 820 2135 889 hoc
2181 820 2335 887 loco
2385 845 2593 897 emen-

448 928 667 995 dando
712 952 1098 1019 progressus
1144 932 1283 995 sim.
1381 931 1599 1012 Quum
1647 932 1715 993 in
1786 910 1976 994 editis
2045 927 2228 994 libris
2295 928 2593 993 omnibus

437 1036 863 1103 invenissem:
911 1045 1234 1102 mercatus
1290 1036 1530 1101 Pharia
1576 1036 1658 1100 de
1715 1056 1931 1123 puppe
1993 1033 2300 1123 loquaces
2371 1032 2594 1099 Deli-

448 1143 675 1209 cias“
707 1141 973 1233 solaque
1022 1144 1092 1207 in
1124 1164 1204 1206 ea
1233 1163 1304 1207 re
1338 1164 1379 1205 a
1409 1140 1678 1229 reliquis
1712 1140 2096 1205 dissensisse
2129 1138 2595 1227 Marklandum

435 1248 992 1337 Duebnerumque
1051 1256 1119 1312 et
1164 1246 1535 1331 Queckium
1585 1245 1924 1327 vidissem,
1983 1244 2159 1333 quod
2207 1245 2288 1311 de
2337 1245 2595 1311 Heinsii

438 1354 636 1419 Ovid.
671 1354 829 1421 Met.
862 1354 983 1421 VI.
1016 1356 1101 1421 56
1148 1380 1212 1443 p.
1260 1354 1392 1419 450
1440 1355 1766 1419 sententia
1808 1352 2090 1429 Phariae
2133 1352 2379 1441 pubis
2426 1376 2596 1419 com·

444 1460 981 1527 memorationem
1014 1460 1508 1527 anteferendam
1553 1468 1888 1547 putarunt,
1937 1460 2003 1522 in
2051 1458 2388 1525 codicibus
2434 1482 2597 1525 vero

437 1567 714 1632 Domitii
760 1576 825 1632 et
869 1566 1346 1653 Lindenbrogii
1404 1576 1470 1631 et
1516 1564 1950 1653 Capilupiano
2013 1574 2080 1629 et
2143 1564 2326 1629 editt.
2377 1566 2594 1629 Parm.

438 1682 506 1737 et
550 1673 739 1751 Rom,
785 1672 897 1739 Ae
918 1673 1222 1757 dituas,
1268 1674 1338 1737 in
1383 1672 1846 1759 Rehdigerano
1892 1672 2270 1754 Edituas‚
2345 1672 2410 1737 in
2469 1672 2596 1737 Ve-

439 1789 594 1845 neto
644 1776 945 1868 exemplo
992 1778 1161 1845 Ede
1210 1782 1389 1845 tua's
1437 1788 1666 1844 extare
1714 1787 2116 1866 compertum
2148 1789 2342 1861 esset,
2397 1778 2597 1845 deli-

442 1887 613 1951 cias
684 1888 751 1951 in
818 1885 944 1952 hoc
987 1883 1132 1951 loco
1179 1894 1254 1950 ut
1312 1884 1591 1971 intelligi
1649 1884 1839 1951 facile
1899 1883 2188 1967 credidi,
2263 1884 2357 1950 ita
2401 1884 2596 1974 plane

437 1992 704 2080 percepi
770 1992 929 2085 ipso·
982 1992 1241 2058 nomine
1304 1990 1407 2080 (ut
1464 1991 1547 2057 ab
1603 1990 1845 2059 Ovidio
1907 1992 2106 2057 Trist.
2165 1990 2211 2055 l.
2281 1994 2344 2073 2,
2397 1992 2484 2057 80
2533 2001 2598 2075 et

443 2097 845 2181 Quintiliano
892 2098 939 2161 l.
990 2098 1063 2183 2,
1136 2119 1327 2184 quem
1390 2119 1537 2161 cum
1598 2097 1723 2161 hoc
1779 2096 1973 2163 Statii
2017 2095 2162 2161 loco
2229 2097 2599 2185 composuit

441 2203 935 2271 Wernsdorfius
1002 2202 1383 2268 Maximian.
1454 2200 1644 2288 Elega
1716 2202 1798 2266 V.
1883 2202 2010 2265 110
2077 2224 2142 2289 p.
2223 2201 2390 2293 372)
2469 2224 2600 2267 non

442 2310 806 2399 appellatas
853 2310 1075 2375 fuisse.
1170 2310 1377 2373 Nemo
1414 2310 1585 2373 enim
1634 2308 1719 2373 ad
1750 2308 2244 2395 persuasionem
2293 2309 2596 2396 apposite

444 2415 993 2483 demonstraverit
1050 2415 1345 2503 potuisse
1415 2435 1642 2500 vocem
1712 2414 2122 2479 notissimam
2194 2422 2260 2477 et
2313 2414 2596 2479 maxime

439 2520 895 2611 pervulgatam
942 2520 1058 2611 (cf.
1106 2521 1183 2585 ll.
1236 2521 1294 2603 1,
1347 2522 1449 2585 71.
1501 2520 1601 2583 lll.
1641 2522 1748 2603 4,
1813 2518 1930 2609 57)
1989 2520 2165 2585 ultra
2227 2519 2400 2585 illam
2449 2524 2599 2585 scri-

438 2628 639 2698 bendi
682 2628 1155 2710 temeritatem,
1219 2649 1381 2715 quae
1444 2648 1587 2690 cum
1649 2622 1867 2691 multis
1914 2627 1982 2689 in
2029 2624 2188 2690 locis
2236 2634 2372 2691 tum
2423 2626 2599 2715 apud

442 2733 814 2802 Martialem
860 2734 914 2799 I.
967 2734 1030 2815 7,
1091 2734 1122 2797 1
1158 2732 1227 2796 in
1258 2731 1473 2796 Florr.
1508 2732 1701 2795 Voss„
1739 2741 1804 2795 et
1836 2730 2263 2797 Columellam
2297 2731 2351 2796 I.
2383 2730 2598 2799 Praef.

446 2844 528 2907 14
598 2840 908 2905 cernitur:
984 2836 1315 2919 delitiae,
1386 2846 1521 2901 tam
1590 2860 1795 2923 prave
1880 2861 1920 2901 a
1976 2860 2134 2903 vero
2196 2837 2599 2927 detorqueri.

438 2948 672 3035 Itaque
722 2966 919 3033 quum
965 2951 1219 3008 tantum
1265 2942 1470 3024 absit,
1545 2952 1613 3006 ut
1681 2942 2010 3007 Domitius
2062 2942 2376 3009 aedituas
2422 2946 2602 3033 picas

440 3051 758 3141 appellari
805 3059 987 3115 ratus
1033 3047 1283 3137 aliquid
1332 3047 1575 3112 dixisse
1625 3049 1876 3112 censeri
1922 3051 2127 3135 possit
2193 3048 2422 3139 (quem
2473 3053 2602 3138 qui-

441 3160 586 3225 dem
658 3179 947 3222 errorem
1016 3154 1434 3241 exagitarunt
1502 3152 2028 3239 Lindenborgius
2105 3156 2601 3245 chartiusquc

438 3276 506 3331 et
554 3261 1013 3351 Marklandus)
1042 3271 1153 3327 aut
1178 3261 1253 3344 is,
1302 3262 1485 3349 eujus
1526 3260 1691 3327 haec
1735 3270 1894 3325 nota
1941 3270 2124 3325 extat
2173 3264 2241 3326 in
2301 3262 2598 3351 Capilup.

444 3370 777 3457 adscripta
852 3368 1109 3458 (lmhof.
1188 3367 1458 3433 Condic.
1539 3368 1702 3432 crit..
1780 3392 1844 3457 p.
1922 3366 2076 3455 42):
2159 3363 2599 3433 AedituaS.

441 3477 672 3565 „pueri
720 3475 1081 3541 aedituis
1128 3472 1388 3539 eruditi.
1438 3472 1528 3538 M.
1578 3473 1731 3555 8.ss
1804 3483 1875 3538 ut
1922 3475 2221 3555 fraudem
2273 3472 2600 3564 ejusmodi

443 3585 548 3649 hic
595 3583 859 3651 subesse
907 3581 1103 3646 facile'
1145 3580 1584 3666 intelligatur,
1647 3581 1820 3668 quali
1867 3581 2170 3668 ecloga
2222 3579 2407 3671 apud
2454 3582 2605 3648 Sue-

440 3690 688 3755 tonium
756 3688 912 3753 Ner.
960 3687 1048 3752 42
1109 3688 1309 3752 vertit
1353 3688 1419 3752 in
1494 3686 1965 3771 ecclesiam,
2043 3686 2466 3753 Gannicus
2537 3689 2604 3752 in

443 3794 937 3863 Canonicum
986 3793 1163 3883 apud
1208 3792 1602 3859 Frontinum
1637 3794 1711 3857 ll.
1761 3794 1823 3875 4,
1876 3794 1934 3877 7,
1984 3792 2379 3858 Xanthus
2425 3792 2600 3883 apud

444 3900 813 3969 Martialem
874 3900 1047 3966 VlIl.
1098 3902 1216 3983 21,
1269 3901 1304 3964 7
1356 3902 1421 3965 in
1470 3898 1613 3965 cod.
1686 3900 1878 3965 Voss·
1949 3901 2016 3963 in
2087 3909 2467 3964 sanctum
2539 3911 2605 3965 et

447 4008 746 4075 salicta
816 4006 993 4095 apud
1062 4006 1380 4072 Catonem
1451 4005 1532 4069 de
1580 4004 1658 4070 R.
1718 4006 1794 4071 R.
1859 4006 1964 4089 36,
2037 4007 2077 4070 2
2140 4006 2208 4071 in
2279 4016 2602 4089 sancta,

448 4124 792 4203 pectora
860 4114 929 4177 in
976 4122 1327 4200 peccata
1394 4102 1697 4177 in'Leid.
1748 4134 1876 4176 sec.
1931 4112 2205 4193 Quintil.
2257 4111 2441 4177 Deel.
2492 4112 2601 4178 lv.

449 4223 532 4286 12
579 4245 642 4308 p.
691 4221 795 4303 94,
846 4218 1021 4308 apud
1070 4218 1704 4284 Grammaticum
1753 4217 1834 4283 de
1885 4216 2075 4283 Gen.
2112 4218 2300 4283 Nom.
2352 4220 2480 4282 262
2529 4244 2590 4305 p.
2657 4262 2662 4267 -

444 4326 529 4390 48
578 4328 645 4390 in
690 4324 1239 4413 Evangelium
1298 4324 1397 4407 id,
1470 4323 1647 4412 quod
1695 4323 1872 4410 apud
1919 4324 2202 4389 Nonium
2249 4324 2456 4389 Marc.
2527 4348 2592 4409 p.

451 4433 601 4516 217,
655 4435 687 4496 1
742 4430 834 4518 (Ρ.
876 4430 1064 4519 147):
1113 4430 1465 4513 „Neutro
1498 4430 1757 4495 Varro
1795 4428 2102 4495 Gallo“
2148 4431 2597 4519 incorruptum
