3234 4967
640 367 766 433 112
1547 368 1776 423 Adnot.
1815 368 1896 425 70.

632 587 809 642 recte
856 572 1169 639 habeant:
1220 574 1377 663 quid
1421 598 1696 662 puerum
1740 578 1985 665 primos
2031 577 2294 663 vagitus
2341 574 2645 641 edentem
2691 616 2779 625 —-

633 685 760 748 hoc
828 682 998 746 enim
1060 679 1219 747 dicit
1264 680 1540 747 Statius:
1614 684 1904 749 vinctum
1965 682 2235 769 genitali
2298 684 2584 748 carmine
2640 683 2778 749 fovi

634 789 1148 874 Poscentemque
1196 809 1290 852 no
1311 810 1450 851 vas
1498 786 1878 855 tremulis
1909 787 2264 855 ululatibus
2297 811 2489 855 auras
2518 788 2777 855 Inserui

634 896 856 960 vitae“
904 932 992 941 -
1038 903 1103 957 et
1162 902 1423 980 poetam
1493 891 1765 981 genitali
1835 896 2119 959 carmine
2175 918 2310 961 non
2363 894 2776 979 salutantem,

635 1000 771 1083 sed,
820 999 875 1063 si
922 998 1045 1063 diis
1093 997 1327 1085 placet,
1375 999 1801 1065 foventem
1858 1010 2098 1089 quanto
2161 1024 2484 1090 quamque
2537 1002 2776 1066 eximio

632 1117 823 1195 putas
868 1103 1284 1193 personuisse
1318 1104 1690 1171 concentu?
1736 1105 2073 1171 Pellantur
2103 1107 2305 1194 igitur
2329 1106 2461 1192 jam
2498 1090 2775 1173 'tandem

632 1213 914 1302 ineptiae
961 1211 1124 1276 istae
1172 1211 1361 1299 hujus
1410 1211 1886 1277 emendationis
1931 1215 2432 1301 perspicuitate:

837 1337 900 1372 ac
940 1321 1167 1371 vinctum
1207 1317 1422 1385 genitali
1462 1320 1754 1372 stamine
1793 1320 1911 1372 fovi.
2109 1378 2112 1383 ,

630 1406 877 1469 Verum
924 1414 1023 1469 est
1069 1404 1241 1467 enim
1287 1403 1502 1486 trium,
1568 1405 1802 1492 quibus
1848 1404 2164 1470 infantem
2210 1405 2388 1493 apud
2436 1426 2503 1469 se
2552 1412 2777 1469 natum

630 1510 1017 1577 monstravit
1049 1517 1265 1597 poeta,
1315 1518 1851 1597 argumentorum
1895 1509 2171 1576 alterum
2221 1534 2362 1577 esse
2411 1508 2776 1597 genitale

632 1629 949 1683 stamen
998 1616 1135 1681 sive
1183 1616 1448 1698 fascias,
1520 1616 1752 1703 quibus
1814 1618 2096 1683 infantes
2155 1638 2385 1683 recens
2432 1626 2622 1682 natos
2673 1614 2778 1681 ob-

632 1724 887 1790 volutos
936 1746 1078 1787 esse
1126 1720 1383 1809 planius
1428 1720 1812 1809 meliusque,
1872 1745 2068 1811 quam
2113 1724 2529 1789 Burmannus
2577 1720 2774 1787 Ovid.

628 1830 723 1896 Ib.
790 1829 832 1895 l.
883 1829 945 1894 d.
993 1852 1057 1917 p.
1107 1826 1192 1891 55
1238 1826 1542 1892 laudatus
1590 1826 1698 1892 ille
1748 1851 1787 1891 a
1833 1827 2226 1895 Marklando
2274 1853 2339 1918 p.
2387 1830 2538 1913 410,
2589 1827 2779 1893 docu-

629 1946 819 2001 erunt
887 1934 1243 2001 Salmasius
1312 1934 1577 2022 Vopisc.
1650 1934 1990 2000 Aurelian,
2061 1936 2105 1999 4
2175 1958 2238 2024 p.
2315 1936 2441 2001 421
2503 1958 2601 2023 sq.
2663 1934 2776 2024 (cf.

629 2042 933 2111 Schneid.
984 2042 1249 2129 Scriptt.
1298 2041 1375 2107 R.
1422 2042 1608 2107 Rust.
1655 2042 1768 2107 IV.
1818 2045 1858 2109 3
1907 2068 1970 2131 p.
2019 2043 2200 2132 373),
2235 2041 2535 2130 Cuperus
2583 2040 2775 2107 Obss.

629 2154 703 2217 n.
751 2151 792 2214 9
838 2173 902 2237 p.
953 2150 1081 2215 203
1132 2173 1221 2237 sq.
1271 2150 1760 2217 Wernsdorfius
1805 2153 1984 2217 Him.
2039 2151 2180 2217 Ecl.
2229 2152 2340 2217 IV.
2389 2175 2453 2239 p.
2507 2151 2634 2215 112
2681 2172 2774 2239 sq.

632 2256 891 2339 Quibus
939 2265 1157 2321 autem
1203 2255 1567 2323 litterarum
1613 2258 1812 2324 fidem
1861 2259 2156 2345 exigenti
2201 2258 2510 2346 probem,
2581 2279 2774 2345 quam

635 2362 835 2447 edixi,
868 2364 1316 2447 mutationem,
1349 2363 1529 2430 locos
1563 2378 1944 2453 expromam
1977 2364 2195 2449 hosce,
2229 2386 2505 2454 quorum
2534 2357 2778 2428 nullam

626 2470 947 2538 rationem
992 2468 1221 2535 habuit
1269 2469 1698 2535 Marklandus
1755 2470 1971 2536 Praef.
2029 2495 2095 2558 Ρ.
2141 2469 2364 2553 VIII„
2429 2468 2777 2536 Claudiani

626 2576 813 2642 Eutr.
861 2576 951 2641 II.
997 2575 1165 2641 458:
1214 2583 1553 2641 texentum
1599 2575 1918 2661 laudabas
1979 2577 2355 2641 carmina.
2402 2575 2566 2661 Reg.
2614 2583 2776 2640 tra·

631 2684 863 2749 mina.
912 2682 1021 2747 Pr.
1058 2680 1256 2748 OonS.
1290 2680 1429 2749 Stil.
1462 2682 1553 2747 ΙΙ.
1588 2682 1752 2748 346:
1785 2692 2048 2748 teneros
2080 2682 2162 2748 de
2211 2683 2559 2747 stamine
2607 2681 2774 2747 risus

625 2790 1034 2876 Vagitusque
1107 2788 1332 2854 audire
1401 2798 1615 2876 putes.
1687 2788 1918 2855 Petav.
1999 2806 2128 2855 sec.
2208 2788 2601 2855 stramine
2673 2786 2776 2876 (ut

625 2894 959 2981 Wolfenb.
1030 2893 1313 2961 Martial.
1377 2894 1497 2960 VI.
1560 2892 1668 2978 58,
1731 2894 1825 2985 8).
1889 2894 2115 2961 Ovidii
2162 2896 2358 2961 Trist.
2410 2896 2492 2962 V.
2539 2895 2602 2977 3,
2653 2894 2771 2959 26:

624 3013 859 3070 nentes
914 3002 1136 3068 fatalia
1201 3002 1448 3068 Parcae
1510 3002 1889 3069 Stamina.
1947 3002 2156 3068 Stroz.
2213 3002 2399 3067 Leid.
2457 3024 2556 3089 pr.
2617 3024 2776 3067 car-

626 3110 871 3177 mina.
904 3108 1105 3175 Anth.
1138 3109 1285 3174 Lat.
1317 3108 1435 3174 IV.
1479 3108 1629 3194 218,
1685 3112 1717 3174 1
1753 3132 1816 3197 p.
1856 3109 1981 3175 163
2022 3109 2375 3175 Parcarum
2409 3108 2772 3174 crimina.

626 3218 899 3283 Meerm.
951 3216 1333 3281 carmina.
1381 3216 1630 3281 Perott.
1691 3216 2074 3301 stamina3
2138 3214 2299 3281 alios
2359 3213 2773 3302 protulerunt

626 3308 938 3389 Heinsius
986 3320 1330 3388 Claudian.
1378 3321 1561 3387 Eutr-
1610 3320 1658 3385 l.
1708 3321 1770 3386 d.
1817 3344 1879 3409 p.
1930 3321 2061 3387 346
2124 3330 2190 3387 et
2245 3320 2419 3387 Adv.
2474 3320 2565 3385 II.
2620 3322 2653 3387 1
2703 3344 2767 3408 p.

626 3430 757 3495 200
804 3453 897 3520 sq.
947 3429 1362 3495 Burmannus
1424 3427 1626 3494 Ovid.
1689 3428 1848 3494 Met.
1918 3428 2050 3495 XL-
2109 3428 2234 3494 169
2291 3452 2356 3517 p.
2407 3427 2555 3493 758.
2603 3425 2771 3492 alter

622 3536 1038 3619 Burmannus
1092 3532 1285 3624 Prop.
1333 3536 1409 3599 ΙΙ.
1464 3536 1519 3618 1,
1568 3536 1609 3598 9
1656 3559 1721 3623 p.
1786 3534 1936 3599 204.
1993 3534 2274 3599 Accedit
2329 3536 2396 3599 in
2451 3556 2598 3599 eum
2656 3556 2768 3599 nu-

624 3664 875 3710 merum
920 3641 1284 3708 Avienus
1330 3641 1517 3709 Arat.
1564 3640 1809 3707 Phaen.
1861 3641 2024 3707 626:
2093 3640 2202 3707 ille
2249 3650 2548 3729 repertor
2595 3638 2770 3706 Car—

624 3752 839 3817 mina
892 3748 1231 3815 Pleiadum
1278 3770 1548 3814 numero
1598 3747 2034 3831 deduxerat‚“
2092 3772 2132 3813 a
2193 3771 2320 3837 quo
2381 3744 2571 3813 facile
2629 3770 2770 3835 per·

628 3858 897 3946 spicitur
940 3856 1116 3922 idem
1164 3866 1359 3946 atque
1408 3855 1491 3923 ab
1538 3854 1807 3944 Hygino
1854 3856 1928 3921 P.
1990 3854 2172 3921 Astr.
2220 3853 2303 3921 ΙΙ.
2365 3856 2434 3921 7:
2498 3854 2770 3938 „dicunt

624 3964 1019 4031 Mercurium
1068 4002 1155 4012 -—-
1201 3972 1451 4053 septem
1500 3961 1778 4029 chordas
1823 3963 2180 4028 instituisse
2231 3984 2315 4027 ex
2355 3959 2767 4028 Atlantidum

625 4073 940 4136 numero“
973 4066 1271 4159 (Munck.
1306 4078 1441 4135 not.
1479 4071 1554 4133 11
1590 4094 1656 4157 Ρ.
1689 4068 1850 4159 439)
1882 4069 1976 4135 ita
2005 4078 2341 4136 narratum
2388 4091 2550 4152 esse,
2597 4078 2672 4133 ut
2700 4070 2769 4133 in

624 4184 865 4244 novam
926 4176 1337 4258 sententiam,
1403 4175 1952 4263 quemadmodum
2020 4175 2262 4263 Progn.
2337 4177 2430 4240 1.:
2500 4174 2766 4242 Phoebe

624 4286 705 4349 in
752 4304 1051 4347 cornua
1100 4281 1357 4367 surgit
1403 4282 1700 4347 Tenuia“
1747 4281 1952 4349 verba
1981 4281 2246 4366 Virgilii
2276 4280 2443 4346 Aen.
2475 4280 2564 4347 X.
2616 4280 2764 4365 725,

625 4392 711 4456 ita
771 4390 871 4455 hic
947 4387 1369 4453 diduceretur
1434 4388 1840 4453 notissimum
1911 4387 2069 4453 illud
2141 4388 2548 4455 deducere
2621 4386 2766 4452 fila
