3234 4967
514 505 586 560 11.
645 506 852 560 Index
887 523 1093 559 rernm
1128 493 1682 573 grammaticarum
1719 524 1789 559 ac
1823 510 2173 564 verborum.
2328 515 2425 566 303

253 680 444 731 Oratio
484 679 762 743 singularis
797 695 841 732 v,
892 682 1114 732 nomina.
1164 681 1292 730 ordo

371 764 659 816 verborum.
721 764 930 828 ellipsis.

258 850 414 902 Ordo
474 850 768 906 verborum:
835 849 1032 902 invenit
1089 858 1294 902 caneret

335 936 536 1001 ‘quod
570 935 811 984 tersius
849 935 929 985 87.
984 935 1206 1000 potius
1239 935 1292 984 in

370 1019 622 1085 principio
659 1020 937 1072 sentcntiae
963 1019 1184 1085 positum
1208 1020 1289 1070 99.

369 1112 496 1154 tam
531 1103 654 1153 mihi
689 1105 922 1169 pulcra
962 1105 1140 1169 puella
1173 1106 1288 1156 188.

371 1189 586 1239 cultor
607 1188 714 1240 Jon
735 1188 929 1239 Pisae
953 1189 1070 1240 206.
1097 1189 1288 1245 vidit,

373 1288 678 1338 quamquam
759 1275 988 1340 undiquc
1061 1275 1290 1337 crebrae,

370 1359 843 1425 Hippomedon,
887 1367 1012 1410 ante
1060 1374 1154 1410 ora
1197 1361 1292 1410 mi-

369 1443 497 1496 nae“
548 1447 664 1497 248.
710 1445 956 1495 sententie
999 1445 1290 1509 interjectat

363 1543 467 1580 nec
500 1530 638 1580 lacta
673 1545 872 1583 comam
901 1528 1016 1594 (illa
1035 1528 1138 1598 cst)
1175 1533 1290 1587 184.

267 1614 479 1666 Orionis
499 1631 699 1666 amores
717 1615 939 1678 Pliades,
957 1613 1077 1668 Sidc
1096 1617 1198 1668 234
1215 1631 1290 1683 sq.

371 1700 580 1766 Liriope
617 1702 716 1752 235
753 1715 826 1766 sq:
1037 1721 1042 1726 ·

268 1786 513 1852 Orpheus
557 1794 609 1836 ct
648 1792 848 1837 mortua
883 1786 1102 1853 conjuge
1139 1796 1192 1839 et
1226 1803 1293 1840 ex

372 1872 546 1922 inferia
582 1886 814 1923 reversus
848 1873 1034 1923 cecinit
1075 1875 1156 1926 82.

267 1975 352 2010 οεε
386 1974 480 2008 ora
513 1965 682 2019 tacent,
716 1965 933 2008 mussant
966 1959 1047 2010 75.

271 2042 439 2092 ostium
473 2041 736 2105 sanguinis
772 2039 918 2094 216.'

271 2127 604 2193 Oxymoron:
641 2125 782 2176 clara
815 2129 981 2178 umbra
1017 2129 1132 2182 222.

269 2213 726 2278 Palaeographica.
806 2213 848 2267 1.
903 2212 1124 2264 Litterae
1178 2228 1293 2279 per·

371 2299 593 2350 mixtaet
646 2315 682 2348 a
716 2304 768 2348 et
801 2315 853 2348 ce
892 2299 1006 2350 183.
1069 2299 1128 2362 ic,
1163 2299 1220 2360 ὁὶ,
1259 2299 1299 2349 ci

377 2384 489 2437 185.
519 2384 632 2437 262.
670 2400 724 2434 co
747 2385 864 2435 185.
902 2391 956 2434 et
978 2400 1003 2434 c
1026 2381 1295 2451 (pectora,

374 2465 628 2536 pectore)
684 2470 800 2520 247.
862 2472 916 2520 et
975 2487 1002 2520 ο
1061 2467 1292 2533 (marte=

375 2553 578 2615 morte)
639 2555 753 2606 178.
823 2553 1045 2618 (ortuez
1105 2553 1294 2619 artus)

377 2642 491 2692 117.
532 2635 592 2706 (p
605 2640 762 2691 atuit:
797 2639 1012 2705 potuit)
1039 2641 1152 2692 195.
1179 2642 1294 2693 216.

375 2732 428 2776 et
484 2741 516 2774 u
585 2721 837 2789 (unguet
911 2721 1115 2791 angue)
1177 2727 1294 2778 268.

375 2807 602 2875 (ludunt
651 2808 860 2873 latius)
907 2812 1020 2862 149.
1059 2812 1138 2864 74.
1175 2826 1212 2861 α
1245 2819 1297 2861 et

374 2891 401 2943 δ
439 2891 668 2963 (ἀερόπηε
705 2891 952 2960 λειριόπη)
984 2895 1100 2946 236.
1136 2921 1203 2932 --
1239 2911 1298 2946 ac

375 2986 426 3029 et
465 2978 488 3028 i
530 2980 644 3030 159.
701 2977 999 3043 (inaestuet
1051 2979 1297 3045 mixtus)

374 3067 452 3115 81.
493 3071 542 3115 et
580 3073 684 3114 cst
717 3063 1047 3129 (pollicitam
1095 3063 1298 3130 pollici·

375 3157 436 3197 ta
496 3149 625 3212 eet)
687 3152 800 3202 189.
872 3177 936 3186 -
1007 3167 1070 3200 ar
1126 3157 1179 3200 et
1235 3167 1300 3200 ra

377 3232 597 3285 omissae
623 3235 738 3286 213.
763 3234 878 3286 227.
915 3253 976 3285 ar
1011 3243 1064 3286 et
1099 3252 1159 3286 ru
1180 3249 1296 3302 per·

375 3319 567 3368 mixtae
607 3319 722 3372 190.
763 3345 826 3354 —
861 3343 928 3356 ·-
967 3323 994 3370 b
1029 3328 1082 3371 et
1115 3337 1160 3371 m
1197 3324 1296 3377 183

377 3410 428 3454 et
457 3421 508 3469 p.
547 3405 609 3455 61
646 3418 721 3468 sq.
761 3405 876 3456 105.
911 3431 980 3442 -
1015 3431 1081 3444 -·-
1119 3424 1146 3456 c
1179 3415 1232 3459 et
1265 3407 1301 3458 d

377 3492 489 3543 181.
513 3475 580 3539 'ot
606 3488 633 3539 f
663 3487 927 3552 (em-illis:
962 3489 1192 3558 favillis)
1232 3494 1297 3545 29

376 3584 426 3625 ct
462 3574 482 3624 1
514 3562 775 3638 (lo'culisz
817 3591 934 3641 que
973 3575 1178 3641 oculis)
1215 3579 1295 3633 26.

375 3648 636 3728 (εοόιοεε
694 3660 927 3727 aliptes)
983 3663 1097 3714 166.
1159 3669 1212 3713 et
1267 3679 1300 3712 n

373 3745 696 3811 (Lucanum
748 3747 1050 3812 Lucanus)
1101 3749 1197 3800 197
1245 3757 1298 3799 et

369 3851 404 3897 p
440 3830 695 3898 (οι-ορεστ
732 3831 952 3898 erecto)
989 3835 1108 3885 196.
1156 3831 1296 3897 (ca-

374 3911 782 3984 derez'patere)
819 3919 934 3970 243.
983 3917 1134 3982 (ciet
1169 3915 1294 3984 pie)

373 4005 488 4056 263.
525 4010 577 4055 e't
609 4020 675 4069 qu
709 4005 807 4055 258
845 4019 922 4069 sq.
961 4005 1028 4055 26
1061 4009 1112 4054 et
1154 4003 1296 4057 Add.

372 4096 424 4138 et
474 4089 570 4140 241
628 4097 680 4139 et
728 4107 755 4138 ε
807 4089 889 4141 59.
950 4091 1064 4144 179.
1125 4087 1296 4152 (oeut

301 4179 304 4184 '
373 4171 501 4239 seu)
548 4175 644 4226 118
689 4180 742 4224 e't
787 4182 806 4222 t
849 4175 916 4226 64
959 4180 1010 4224 et
1051 4173 1188 4224 Add.
1243 4180 1297 4225 et

373 4259 452 4312 73.
487 4261 554 4310 90
589 4256 930 4322 (concinuit-,2
967 4257 1294 4323 continuit),

371 4347 434 4396 91
492 4343 603 4408 (cu
617 4345 818 4396 mulus:
870 4343 1156 4410 tumulus).
1211 4347 1295 4399 40.

371 4432 485 4483 181.
549 4432 644 4481 141
707 4429 961 4495 (nutaret
1029 4430 1296 4495 micare).

373 4518 469 4574 182
493 4515 827 4594 (cerepum
857 4531 952 4594 pro
987 4513 1294 4592 strepunt).

1503 680 1615 730 185.
1664 705 1728 715 —
1766 695 1819 729 ce
1864 685 1913 730 et
1948 697 1982 729 a
2015 695 2063 731 v.
2102 683 2152 733 h.
2194 707 2261 720 --
2294 684 2429 734 ciet

1497 781 1558 824 m,
1593 765 1662 814 mi
1698 761 2031 828 (cineremt
2073 767 2427 833 myrrham)

1497 852 1580 902 25.
1619 851 1718 900 179
1753 855 1805 900 et
1839 867 1870 900 n
1912 847 2160 915 (tantisz
2199 851 2427 919 tacitis]

1498 937 1597 984 217
1659 941 1711 984 ct
1767 951 1799 984 u
1856 932 2117 998 (exutum
2176 936 2428 1002 excitus)

1498 1021 1614 1070 281.
1652 1045 1721 1056 -
1754 1017 1803 1070 cl
1834 1029 1885 1070 et
1918 1019 1956 1069 d
1999 1017 2271 1084 (mundet
2314 1023 2427 1072 vin-

1495 1103 1626 1169 clo)
1672 1106 1787 1156 209.
1833 1129 1901 1142 --
1950 1130 2013 1142 ·-
2060 1104 2097 1155 d
2140 1112 2191 1156 et
2225 1104 2275 1155 cl
2303 1107 2423 1160 209.

1477 1195 1548 1240 ct
1577 1207 1612 1255 9
1648 1186 1919 1254 (ardentz
1970 1189 2227 1255 urgent)
2272 1193 2339 1242 32
2377 1197 2430 1242 et

1385 1292 1395 1298 ·
1486 1291 1528 1340 p
1566 1276 1665 1326 195
1693 1289 1768 1339 eq.
1812 1277 1929 1326 227.
1968 1282 2020 1325 et
2055 1281 2075 1324 t
2105 1273 2427 1340 (cquidexm

1498 1359 1794 1425 equitum)
1864 1361 1945 1412 23.
2019 1358 2213 1424 (tuosz
2278 1360 2429 1422 dies,

1497 1444 1667 1510 deos)
1719 1446 1817 1496 122
1853 1460 1929 1509 eq.
1980 1441 2202 1512 (sordet
2246 1443 2429 1509 eoi-tc)

1498 1533 1614 1582 178.
1654 1528 1889 1594 (Induat
1923 1527 2173 1595 Latine)
2216 1531 2313 1580 148
2348 1545 2428 1594 eq.

1497 1613 1810 1680 (Iphitamz
1878 1613 2239 1681 Iphiadem)
2312 1616 2429 1668 159.

1497 1699 1745 1765 (adquet
1806 1697 2003 1766 atque)
2066 1702 2182 1752 200.
2248 1714 2425 1766 super-

1499 1787 1743 1853 scriptum
1761 1785 2003 1836 omissum
2018 1781 2273 1849 (Labdaci
2286 1786 2317 1834 d
2328 1801 2361 1836 a
2372 1800 2401 1836 e
2420 1803 2433 1834 t

1495 1868 1823 1934 Labdaciae)
1870 1871 1983 1924 160.
2035 1896 2102 1906 -
2138 1893 2205 1908 -—
2249 1886 2275 1919 c
2310 1879 2363 1920 ct
2396 1887 2431 1919 a

1500 1958 1599 2006 247
1657 1963 1708 2006 et
1760 1973 1820 2007 ac
1872 1957 1941 2007 65
1999 1961 2051 2006 et
2092 1963 2141 2006 et
2184 1956 2267 2007 68.
2316 1956 2433 2005 224.

1499 2042 1602 2092 254
1639 2049 1692 2091 ct
1727 2042 1931 2092 εει189
1969 2047 2021 2092 et
2054 2040 2077 2090 ι’
2109 2042 2225 2091 179.
2279 2039 2429 2104 (Im-

1498 2127 1647 2177 broe:
1680 2123 1896 2190 Ebroe)
1932 2127 2049 2177 241.
2096 2123 2304 2188 (venae
2338 2126 2431 2176 vi-

1499 2209 1588 2276 na)
1626 2209 1767 2267 Add.
1802 2226 1854 2276 p.
1888 2212 1993 2262 219
2042 2218 2096 2260 et
2130 2210 2179 2260 in
2214 2211 2279 2262 38
2318 2217 2371 2260 et
2404 2228 2432 2260 ο

1501 2298 1583 2349 59.
1622 2297 1737 2347 138.
1774 2296 1874 2347 263
1912 2304 1963 2346 et
1994 2312 2020 2345 ε
2043 2293 2293 2359 (Latiam
2328 2295 2431 2346 La·
2501 2295 2505 2299 “

1499 2379 1657 2447 tiae)
1694 2381 1811 2433 216.
1850 2382 1965 2431 288.
2001 2378 2307 2446 (Aegialet
2354 2388 2435 2431 est

1499 2463 1743 2532 Pelias)
1770 2467 1887 2518 158.
1912 2491 1980 2502 —
2006 2482 2065 2518 en
2099 2465 2270 2518 omiss,
2309 2464 2429 2540 (Pa-

1499 2552 1700 2618 phiem
1723 2550 1925 2616 Paphi)
1949 2551 2063 2604 159.
2088 2577 2157 2590 —·
2181 2569 2232 2603 cr
2254 2553 2425 2605 omiss,

1504 2637 1645 2688 Add.
1694 2653 1745 2702 p.
1790 2639 1871 2690 77.
1908 2663 1973 2674 --
2012 2655 2062 2688 es
2098 2636 2253 2704 (ene)
2291 2647 2341 2690 et
2375 2656 2431 2688 uc

1502 2721 1787 2789 permixtae
1838 2725 1955 2778 250.
2013 2749 2075 2759 -
2134 2749 2195 2760 --
2233 2725 2275 2789 f
2306 2730 2359 2774 et
2396 2741 2433 2788 p

1504 2806 1784 2872 (favillam
1836 2805 2107 2875 papillae)
2146 2810 2227 2860 29.
2284 2805 2432 2872 (fle-

1505 2899 1611 2943 tue:
1676 2893 1974 2958 planctus)
2033 2895 2117 2944 40.
2188 2890 2253 2959 (p
2269 2893 2432 2944 crire:

1501 2977 1698 3041 ferire)
1744 2980 1861 3030 221.
1907 2986 1959 3029 ct
1994 2996 2021 3029 ε
2058 2979 2158 3030 202
2194 2991 2269 3042 eq.
2309 2986 2361 3027 et
2386 2993 2434 3026 -v

1504 3059 1681 3125 (vidit
1738 3063 1897 3129 fudi)
1958 3065 2039 3118 12.
2100 3063 2217 3117 231.
2276 3063 2431 3112 modo

1504 3148 1692 3211 omisa,
1763 3151 1914 3201 modo
1990 3148 2144 3199 addit.
2214 3145 2275 3211 (f
2279 3162 2312 3197 a
2320 3158 2433 3198 ma:

1503 3232 1753 3286 flamma.
1810 3230 2069 3285 flamma:
2122 3229 2303 3296 mala)
2346 3233 2429 3282 34.

1505 3318 2431 3388 2⁷3.--—9etd320tp·

1507 3403 1787 3469 (aegialez
1822 3403 2065 3470 Pelias)
2103 3405 2219 3456 158.
2260 3429 2321 3440 --
2358 3428 2425 3438 -·

1501 3489 1534 3538 lu
1571 3496 1673 3540 etc
1708 3485 1997 3556 (Himeraz
2035 3487 2281 3553 Cimcra)
2310 3490 2425 3540 159.

1507 3574 1676 3640 (hene
1710 3573 1849 3640 ceu)
1890 3576 1987 3625 118
2014 3583 2065 3624 et
2098 3573 2119 3623 l
2152 3574 2432 3637 (Pericliz

1501 3659 1774 3722 Perichi)
1838 3659 1937 3710 164
1992 3673 2068 3723 eq.
2140 3660 2239 3708 241
2304 3665 2356 3708 et
2414 3667 2433 3706 t

1503 3743 1651 3810 (hosx
1704 3742 1853 3810 tuoe)
1894 3745 2008 3799 234.
2065 3749 2251 3796 temere
2286 3743 2431 3793 addi-

1503 3840 1610 3883 tum
1681 3827 2073 3896 (Chaletum)‚·
2131 3827 2431 3894 Hiphinoe,

1503 3914 1785 3980 Haonia)
1844 3915 1945 3968 165
2004 3927 2080 3979 sq.
2144 3915 2259 3968 159.
2331 3914 2432 3965 194
2525 3979 2529 3983 .

1505 4009 1592 4053 aut
1628 4002 1861 4052 omissum
1886 3998 1957 4064 (C
1974 3998 2189 4065 eropus)
2230 3999 2327 4050 165
2349 4013 2430 4062 sq.

1504 4084 1863 4153 (tespiadae)
1938 4087 2055 4137 264.
2152 4082 2431 4150 (traete)

1506 4173 1608 4223 174
1654 4185 1731 4236 eq.
1781 4167 2019 4237 (umor)
2075 4172 2172 4224 186
2210 4181 2263 4222 et
2297 4167 2430 4221 Add.

1400 4258 2042 4324 ·-—-ietcv.h.
2094 4258 2434 4307 etrl47et

1505 4343 1729 4410 tflam:
1784 4341 1935 4406 tam)
1990 4344 2086 4393 122
2141 4347 2192 4391 et
2242 4357 2272 4390 u
2329 4337 2431 4402 (in-

1504 4430 1705 4480 fusco:
1740 4425 1971 4492 inficio)
2008 4428 2123 4477 267.
2163 4453 2227 4460 -
2264 4426 2327 4486 in,
2367 4425 2430 4485 vi,

1507 4533 1578 4577 m,
1628 4533 1659 4566 n
1693 4519 1746 4564 et
1780 4510 1837 4574 li,
1880 4511 1931 4564 lu
1964 4514 2030 4563 37
2069 4527 2145 4582 eq.
2194 4513 2272 4560 77.
2318 4510 2431 4564 176.
