<?xml version="1.0" encoding="UTF-8"?>
<!DOCTYPE html PUBLIC "-//W3C//DTD XHTML 1.0 Transitional//EN"
    "http://www.w3.org/TR/xhtml1/DTD/xhtml1-transitional.dtd">
<html xmlns="http://www.w3.org/1999/xhtml" xml:lang="en" lang="en">
 <head>
  <title>
</title>
<meta http-equiv="Content-Type" content="text/html;charset=utf-8" />
  <meta name='ocr-system' content='tesseract 3.04.00' />
  <meta name='ocr-capabilities' content='ocr_page ocr_carea ocr_par ocr_line ocrx_word'/>
</head>
<body>
  <div class='ocr_page' id='page_1' title='image "./ppapiniistatiie00ungegoog_0048.png"; bbox 0 0 3234 4967; ppageno 0'>
   <div class='ocr_carea' id='block_1_1' title="bbox 631 328 1884 396">
    <p class='ocr_par' dir='ltr' id='par_1_1' title="bbox 631 328 1884 396">
     <span class='ocr_line' id='line_1_1' title="bbox 631 328 1884 396; baseline -0.001 -12"><span class='ocrx_word' id='word_1_1' title='bbox 631 328 718 396; x_wconf 81' lang='grc'><strong>40</strong></span> <span class='ocrx_word' id='word_1_2' title='bbox 1533 329 1757 385; x_wconf 75' lang='lat' dir='ltr'><strong>Adnot.</strong></span> <span class='ocrx_word' id='word_1_3' title='bbox 1793 333 1884 387; x_wconf 68' lang='lat'><strong>¹26..</strong></span> 
     </span>
    </p>
   </div>
   <div class='ocr_carea' id='block_1_2' title="bbox 631 534 2802 4451">
    <p class='ocr_par' dir='ltr' id='par_1_2' title="bbox 631 534 2793 1794">
     <span class='ocr_line' id='line_1_2' title="bbox 638 534 2789 628; baseline -0.001 -21"><span class='ocrx_word' id='word_1_4' title='bbox 638 539 841 607; x_wconf 89' lang='lat' dir='ltr'><strong>Obitu</strong></span> <span class='ocrx_word' id='word_1_5' title='bbox 874 534 1122 605; x_wconf 80' lang='lat' dir='ltr'><strong>Molsae</strong></span> <span class='ocrx_word' id='word_1_6' title='bbox 1157 560 1215 625; x_wconf 92' lang='lat' dir='ltr'><strong>p.</strong></span> <span class='ocrx_word' id='word_1_7' title='bbox 1257 536 1359 603; x_wconf 72' lang='lat'><strong>75.</strong></span> <span class='ocrx_word' id='word_1_8' title='bbox 1396 536 1633 606; x_wconf 84' lang='lat' dir='ltr'><strong>Gher.:</strong></span> <span class='ocrx_word' id='word_1_9' title='bbox 1683 536 2055 619; x_wconf 82' lang='lat' dir='ltr'><strong>„Acclivis</strong></span> <span class='ocrx_word' id='word_1_10' title='bbox 2104 542 2347 605; x_wconf 82' lang='lat' dir='ltr'><strong>feretro</strong></span> <span class='ocrx_word' id='word_1_11' title='bbox 2380 536 2789 628; x_wconf 79' lang='lat' dir='ltr'><strong>incumbat“)</strong></span> 
     </span>
     <span class='ocr_line' id='line_1_3' title="bbox 636 643 2791 735; baseline -0.001 -23"><span class='ocrx_word' id='word_1_12' title='bbox 636 647 883 735; x_wconf 87' lang='lat' dir='ltr'><strong>primus</strong></span> <span class='ocrx_word' id='word_1_13' title='bbox 949 643 1308 710; x_wconf 85' lang='lat' dir='ltr'><strong>tollendum</strong></span> <span class='ocrx_word' id='word_1_14' title='bbox 1381 644 1631 708; x_wconf 87' lang='lat' dir='ltr'><strong>censuit</strong></span> <span class='ocrx_word' id='word_1_15' title='bbox 1700 644 2247 732; x_wconf 73' lang='lat' dir='ltr'><strong>LindenbrogiuS,</strong></span> <span class='ocrx_word' id='word_1_16' title='bbox 2320 649 2497 735; x_wconf 83' lang='lat' dir='ltr'><strong>cujus</strong></span> <span class='ocrx_word' id='word_1_17' title='bbox 2555 668 2791 712; x_wconf 87' lang='lat' dir='ltr'><strong>nomen</strong></span> 
     </span>
     <span class='ocr_line' id='line_1_4' title="bbox 641 749 2793 840; baseline -0 -22"><span class='ocrx_word' id='word_1_18' title='bbox 641 751 977 840; x_wconf 85' lang='lat' dir='ltr'><strong>praeteriit</strong></span> <span class='ocrx_word' id='word_1_19' title='bbox 1023 750 1332 815; x_wconf 80' lang='lat' dir='ltr'><strong>Barthius</strong></span> <span class='ocrx_word' id='word_1_20' title='bbox 1379 774 1442 838; x_wconf 90' lang='lat' dir='ltr'><strong>p.</strong></span> <span class='ocrx_word' id='word_1_21' title='bbox 1490 750 1621 815; x_wconf 84' lang='lat'><strong>503</strong></span> <span class='ocrx_word' id='word_1_22' title='bbox 1677 749 1786 815; x_wconf 94' lang='lat' dir='ltr'><strong>ille</strong></span> <span class='ocrx_word' id='word_1_23' title='bbox 1836 751 2096 839; x_wconf 87' lang='lat' dir='ltr'><strong>quidem</strong></span> <span class='ocrx_word' id='word_1_24' title='bbox 2144 754 2427 818; x_wconf 82' lang='lat' dir='ltr'><strong>scienter</strong></span> <span class='ocrx_word' id='word_1_25' title='bbox 2474 774 2793 819; x_wconf 86' lang='lat' dir='ltr'><strong>commen-</strong></span> 
     </span>
     <span class='ocr_line' id='line_1_5' title="bbox 635 854 2790 946; baseline -0.001 -21"><span class='ocrx_word' id='word_1_26' title='bbox 635 868 808 925; x_wconf 85' lang='lat' dir='ltr'><strong>tatus</strong></span> <span class='ocrx_word' id='word_1_27' title='bbox 863 858 934 923; x_wconf 85' lang='lat' dir='ltr'><strong>in</strong></span> <span class='ocrx_word' id='word_1_28' title='bbox 969 854 1328 923; x_wconf 83' lang='lat' dir='ltr'><strong>·Olaudian.</strong></span> <span class='ocrx_word' id='word_1_29' title='bbox 1390 854 1596 921; x_wconf 69' lang='lat' dir='ltr'><strong>Prob?</strong></span> <span class='ocrx_word' id='word_1_30' title='bbox 1650 866 1717 921; x_wconf 85' lang='lat' dir='ltr'><strong>et</strong></span> <span class='ocrx_word' id='word_1_31' title='bbox 1778 856 2009 943; x_wconf 83' lang='lat' dir='ltr'><strong>Olybr.</strong></span> <span class='ocrx_word' id='word_1_32' title='bbox 2076 857 2203 924; x_wconf 86' lang='lat'><strong>115</strong></span> <span class='ocrx_word' id='word_1_33' title='bbox 2261 882 2323 946; x_wconf 87' lang='lat' dir='ltr'><strong>p.</strong></span> <span class='ocrx_word' id='word_1_34' title='bbox 2374 859 2463 923; x_wconf 86' lang='lat'><strong>34</strong></span> <span class='ocrx_word' id='word_1_35' title='bbox 2508 881 2599 946; x_wconf 88' lang='lat' dir='ltr'><strong>sq.</strong></span> <span class='ocrx_word' id='word_1_36' title='bbox 2688 858 2790 945; x_wconf 77' lang='lat' dir='ltr'><strong>De</strong></span> 
     </span>
     <span class='ocr_line' id='line_1_6' title="bbox 636 962 2792 1051; baseline -0.001 -20"><span class='ocrx_word' id='word_1_37' title='bbox 636 967 841 1032; x_wconf 87' lang='lat' dir='ltr'><strong>altero</strong></span> <span class='ocrx_word' id='word_1_38' title='bbox 904 973 1122 1029; x_wconf 81' lang='lat' dir='ltr'><strong>autem</strong></span> <span class='ocrx_word' id='word_1_39' title='bbox 1183 963 1472 1051; x_wconf 85' lang='lat' dir='ltr'><strong>ejusdem</strong></span> <span class='ocrx_word' id='word_1_40' title='bbox 1528 962 1681 1029; x_wconf 85' lang='lat' dir='ltr'><strong>libri</strong></span> <span class='ocrx_word' id='word_1_41' title='bbox 1738 986 1995 1030; x_wconf 83' lang='lat' dir='ltr'><strong>errore:</strong></span> <span class='ocrx_word' id='word_1_42' title='bbox 2064 966 2192 1029; x_wconf 87' lang='lat' dir='ltr'><strong>cui</strong></span> <span class='ocrx_word' id='word_1_43' title='bbox 2250 964 2388 1029; x_wconf 86' lang='lat' dir='ltr'><strong>nul</strong></span> <span class='ocrx_word' id='word_1_44' title='bbox 2446 1012 2461 1027; x_wconf 89' lang='lat'><strong>.</strong></span> <span class='ocrx_word' id='word_1_45' title='bbox 2511 1016 2525 1030; x_wconf 91' lang='lat'><strong>.</strong></span> <span class='ocrx_word' id='word_1_46' title='bbox 2576 965 2792 1031; x_wconf 82' lang='lat' dir='ltr'><strong>existi-</strong></span> 
     </span>
     <span class='ocr_line' id='line_1_7' title="bbox 631 1068 2792 1156; baseline -0.001 -19"><span class='ocrx_word' id='word_1_47' title='bbox 631 1082 848 1137; x_wconf 85' lang='lat' dir='ltr'><strong>matur</strong></span> <span class='ocrx_word' id='word_1_48' title='bbox 893 1092 979 1136; x_wconf 77' lang='lat' dir='ltr'><strong>ex</strong></span> <span class='ocrx_word' id='word_1_49' title='bbox 1021 1070 1272 1135; x_wconf 87' lang='lat' dir='ltr'><strong>Lucani</strong></span> <span class='ocrx_word' id='word_1_50' title='bbox 1317 1068 1462 1134; x_wconf 91' lang='lat' dir='ltr'><strong>loeo</strong></span> <span class='ocrx_word' id='word_1_51' title='bbox 1509 1068 1749 1134; x_wconf 82' lang='lat' dir='ltr'><strong>1V.·98</strong></span> <span class='ocrx_word' id='word_1_52' title='bbox 1811 1068 2105 1135; x_wconf 89' lang='lat' dir='ltr'><strong>tumuli.</strong></span> <span class='ocrx_word' id='word_1_53' title='bbox 2176 1070 2475 1137; x_wconf 84' lang='lat' dir='ltr'><strong>Rotterd.</strong></span> <span class='ocrx_word' id='word_1_54' title='bbox 2525 1093 2619 1156; x_wconf 88' lang='lat' dir='ltr'><strong>pr.</strong></span> <span class='ocrx_word' id='word_1_55' title='bbox 2672 1092 2792 1135; x_wconf 89' lang='lat' dir='ltr'><strong>cu-</strong></span> 
     </span>
     <span class='ocr_line' id='line_1_8' title="bbox 635 1174 2788 1263; baseline 0 -20"><span class='ocrx_word' id='word_1_56' title='bbox 635 1178 788 1243; x_wconf 88' lang='lat' dir='ltr'><strong>muli</strong></span> <span class='ocrx_word' id='word_1_57' title='bbox 835 1186 902 1242; x_wconf 90' lang='lat' dir='ltr'><strong>et</strong></span> <span class='ocrx_word' id='word_1_58' title='bbox 946 1176 1047 1258; x_wconf 84' lang='lat' dir='ltr'><strong>iis,</strong></span> <span class='ocrx_word' id='word_1_59' title='bbox 1097 1197 1258 1263; x_wconf 86' lang='lat' dir='ltr'><strong>quos</strong></span> <span class='ocrx_word' id='word_1_60' title='bbox 1315 1174 1672 1241; x_wconf 86' lang='lat' dir='ltr'><strong>attulerunt</strong></span> <span class='ocrx_word' id='word_1_61' title='bbox 1729 1176 2309 1242; x_wconf 83' lang='lat' dir='ltr'><strong>Drakenborchius</strong></span> <span class='ocrx_word' id='word_1_62' title='bbox 2355 1177 2499 1241; x_wconf 81' lang='lat' dir='ltr'><strong>Liv.</strong></span> <span class='ocrx_word' id='word_1_63' title='bbox 2547 1178 2634 1243; x_wconf 91' lang='lat' dir='ltr'><strong>X.</strong></span> <span class='ocrx_word' id='word_1_64' title='bbox 2684 1178 2788 1259; x_wconf 79' lang='lat'><strong>29,</strong></span> 
     </span>
     <span class='ocr_line' id='line_1_9' title="bbox 641 1281 2790 1371; baseline -0.001 -22"><span class='ocrx_word' id='word_1_65' title='bbox 641 1284 721 1349; x_wconf 87' lang='grc'><strong>19</strong></span> <span class='ocrx_word' id='word_1_66' title='bbox 785 1307 848 1370; x_wconf 92' lang='lat' dir='ltr'><strong>p.</strong></span> <span class='ocrx_word' id='word_1_67' title='bbox 897 1282 1030 1348; x_wconf 76' lang='lat'><strong>220</strong></span> <span class='ocrx_word' id='word_1_68' title='bbox 1089 1292 1156 1347; x_wconf 88' lang='lat' dir='ltr'><strong>ct</strong></span> <span class='ocrx_word' id='word_1_69' title='bbox 1201 1282 1612 1347; x_wconf 77' lang='lat' dir='ltr'><strong>Burmannus</strong></span> <span class='ocrx_word' id='word_1_70' title='bbox 1662 1281 2005 1348; x_wconf 83' lang='lat' dir='ltr'><strong>Claudian.</strong></span> <span class='ocrx_word' id='word_1_71' title='bbox 2055 1283 2133 1348; x_wconf 83' lang='lat' dir='ltr'><strong>R.</strong></span> <span class='ocrx_word' id='word_1_72' title='bbox 2183 1282 2363 1348; x_wconf 86' lang='lat' dir='ltr'><strong>Pros.</strong></span> <span class='ocrx_word' id='word_1_73' title='bbox 2414 1282 2499 1347; x_wconf 90' lang='lat' dir='ltr'><strong>lll.</strong></span> <span class='ocrx_word' id='word_1_74' title='bbox 2550 1284 2681 1349; x_wconf 81' lang='lat'><strong>342</strong></span> <span class='ocrx_word' id='word_1_75' title='bbox 2728 1306 2790 1371; x_wconf 88' lang='lat' dir='ltr'><strong>p.</strong></span> 
     </span>
     <span class='ocr_line' id='line_1_10' title="bbox 639 1386 2792 1477; baseline 0 -22"><span class='ocrx_word' id='word_1_76' title='bbox 639 1389 790 1455; x_wconf 83' lang='lat'><strong>630.</strong></span> <span class='ocrx_word' id='word_1_77' title='bbox 851 1386 1000 1455; x_wconf 82' lang='lat' dir='ltr'><strong>add.</strong></span> <span class='ocrx_word' id='word_1_78' title='bbox 1049 1386 1294 1454; x_wconf 86' lang='lat' dir='ltr'><strong>Adnot.</strong></span> <span class='ocrx_word' id='word_1_79' title='bbox 1344 1412 1404 1452; x_wconf 86' lang='lat' dir='ltr'><strong>v.</strong></span> <span class='ocrx_word' id='word_1_80' title='bbox 1456 1388 1562 1452; x_wconf 80' lang='lat'><strong>56.</strong></span> <span class='ocrx_word' id='word_1_81' title='bbox 1654 1388 1757 1453; x_wconf 87' lang='lat' dir='ltr'><strong>De</strong></span> <span class='ocrx_word' id='word_1_82' title='bbox 1821 1390 2146 1454; x_wconf 83' lang='lat' dir='ltr'><strong>sententia</strong></span> <span class='ocrx_word' id='word_1_83' title='bbox 2200 1388 2459 1477; x_wconf 86' lang='lat' dir='ltr'><strong>quidem</strong></span> <span class='ocrx_word' id='word_1_84' title='bbox 2518 1411 2792 1457; x_wconf 88' lang='lat' dir='ltr'><strong>commo-</strong></span> 
     </span>
     <span class='ocr_line' id='line_1_11' title="bbox 641 1493 2793 1581; baseline -0.001 -20"><span class='ocrx_word' id='word_1_85' title='bbox 641 1496 793 1561; x_wconf 82' lang='lat' dir='ltr'><strong>dum</strong></span> <span class='ocrx_word' id='word_1_86' title='bbox 853 1505 953 1560; x_wconf 89' lang='lat' dir='ltr'><strong>cst</strong></span> <span class='ocrx_word' id='word_1_87' title='bbox 1009 1515 1388 1581; x_wconf 85' lang='lat' dir='ltr'><strong>comparare</strong></span> <span class='ocrx_word' id='word_1_88' title='bbox 1437 1494 1592 1559; x_wconf 75' lang='lat' dir='ltr'><strong>silv.</strong></span> <span class='ocrx_word' id='word_1_89' title='bbox 1646 1494 1727 1559; x_wconf 83' lang='lat' dir='ltr'><strong>V.</strong></span> <span class='ocrx_word' id='word_1_90' title='bbox 1778 1494 2008 1576; x_wconf 78' lang='lat'><strong>3,·36:</strong></span> <span class='ocrx_word' id='word_1_91' title='bbox 2081 1493 2380 1561; x_wconf 84' lang='lat' dir='ltr'><strong>Ordior</strong></span> <span class='ocrx_word' id='word_1_92' title='bbox 2448 1494 2793 1561; x_wconf 85' lang='lat' dir='ltr'><strong>acclinis</strong></span> 
     </span>
     <span class='ocr_line' id='line_1_12' title="bbox 639 1599 2791 1690; baseline 0 -23"><span class='ocrx_word' id='word_1_93' title='bbox 639 1603 941 1667; x_wconf 81' lang='lat' dir='ltr'><strong>tumulo</strong></span> <span class='ocrx_word' id='word_1_94' title='bbox 1005 1600 1126 1689; x_wconf 89' lang='lat' dir='ltr'><strong>(cf.</strong></span> <span class='ocrx_word' id='word_1_95' title='bbox 1202 1599 1549 1665; x_wconf 81' lang='lat' dir='ltr'><strong>Claudian.</strong></span> <span class='ocrx_word' id='word_1_96' title='bbox 1613 1599 1839 1688; x_wconf 85' lang='lat' dir='ltr'><strong>Epith.</strong></span> <span class='ocrx_word' id='word_1_97' title='bbox 1899 1600 2061 1665; x_wconf 88' lang='lat' dir='ltr'><strong>Pall.</strong></span> <span class='ocrx_word' id='word_1_98' title='bbox 2120 1601 2205 1690; x_wconf 83' lang='lat'><strong>4)</strong></span> <span class='ocrx_word' id='word_1_99' title='bbox 2274 1612 2338 1666; x_wconf 87' lang='lat' dir='ltr'><strong>ct</strong></span> <span class='ocrx_word' id='word_1_100' title='bbox 2393 1601 2496 1667; x_wconf 91' lang='lat' dir='ltr'><strong>lV.</strong></span> <span class='ocrx_word' id='word_1_101' title='bbox 2548 1603 2641 1685; x_wconf 65' lang='lat' dir='ltr'><strong>4,v</strong></span> <span class='ocrx_word' id='word_1_102' title='bbox 2676 1602 2791 1667; x_wconf 81' lang='lat'><strong>55:</strong></span> 
     </span>
     <span class='ocr_line' id='line_1_13' title="bbox 642 1706 2118 1794; baseline -0.003 -20"><span class='ocrx_word' id='word_1_103' title='bbox 642 1712 922 1794; x_wconf 81' lang='lat' dir='ltr'><strong>„magni</strong></span> <span class='ocrx_word' id='word_1_104' title='bbox 967 1706 1304 1773; x_wconf 83' lang='lat' dir='ltr'><strong>tumulis</strong></span> <span class='ocrx_word' id='word_1_105' title='bbox 1351 1707 1701 1772; x_wconf 81' lang='lat' dir='ltr'>adcanto</span> <span class='ocrx_word' id='word_1_106' title='bbox 1748 1708 2118 1793; x_wconf 82' lang='lat' dir='ltr'><strong>magistri.“</strong></span> 
     </span>
    </p>

    <p class='ocr_par' dir='ltr' id='par_1_3' title="bbox 640 1812 2799 3916">
     <span class='ocr_line' id='line_1_14' title="bbox 816 1812 2789 1903; baseline 0.001 -26"><span class='ocrx_word' id='word_1_107' title='bbox 816 1815 1064 1878; x_wconf 88' lang='lat' dir='ltr'><strong>Verum</strong></span> <span class='ocrx_word' id='word_1_108' title='bbox 1122 1812 1404 1900; x_wconf 82' lang='lat' dir='ltr'><strong>aliquam</strong></span> <span class='ocrx_word' id='word_1_109' title='bbox 1467 1812 1807 1879; x_wconf 86' lang='lat' dir='ltr'><strong>dubitandi</strong></span> <span class='ocrx_word' id='word_1_110' title='bbox 1865 1816 2205 1880; x_wconf 77' lang='lat' dir='ltr'><strong>materiam</strong></span> <span class='ocrx_word' id='word_1_111' title='bbox 2260 1815 2580 1903; x_wconf 78' lang='lat' dir='ltr'><strong>praebent</strong></span> <span class='ocrx_word' id='word_1_112' title='bbox 2624 1838 2789 1902; x_wconf 86' lang='lat' dir='ltr'><strong>quac</strong></span> 
     </span>
     <span class='ocr_line' id='line_1_15' title="bbox 643 1918 2791 2009; baseline -0 -23"><span class='ocrx_word' id='word_1_113' title='bbox 643 1929 790 1987; x_wconf 84' lang='lat' dir='ltr'><strong>sunt</strong></span> <span class='ocrx_word' id='word_1_114' title='bbox 835 1918 1162 2009; x_wconf 84' lang='lat' dir='ltr'><strong>proxima:</strong></span> <span class='ocrx_word' id='word_1_115' title='bbox 1207 1918 1473 1983; x_wconf 85' lang='lat' dir='ltr'><strong>luctus</strong></span> <span class='ocrx_word' id='word_1_116' title='bbox 1521 1920 1602 1983; x_wconf 89' lang='lat' dir='ltr'><strong>in</strong></span> <span class='ocrx_word' id='word_1_117' title='bbox 1650 1922 2015 1985; x_wconf 85' lang='lat' dir='ltr'><strong>carmina</strong></span> <span class='ocrx_word' id='word_1_118' title='bbox 2059 1931 2321 1987; x_wconf 86' lang='lat' dir='ltr'><strong>verto.</strong></span> <span class='ocrx_word' id='word_1_119' title='bbox 2389 1920 2581 2001; x_wconf 78' lang='lat' dir='ltr'><strong>Quod</strong></span> <span class='ocrx_word' id='word_1_120' title='bbox 2620 1921 2791 1985; x_wconf 89' lang='lat' dir='ltr'><strong>enim</strong></span> 
     </span>
     <span class='ocr_line' id='line_1_16' title="bbox 643 2024 2791 2113; baseline -0.001 -21"><span class='ocrx_word' id='word_1_121' title='bbox 643 2026 942 2093; x_wconf 87' lang='lat' dir='ltr'><strong>omnibus</strong></span> <span class='ocrx_word' id='word_1_122' title='bbox 990 2026 1146 2090; x_wconf 85' lang='lat' dir='ltr'><strong>satis</strong></span> <span class='ocrx_word' id='word_1_123' title='bbox 1192 2024 1437 2113; x_wconf 80' lang='lat' dir='ltr'><strong>placuit</strong></span> <span class='ocrx_word' id='word_1_124' title='bbox 1485 2026 1869 2092; x_wconf 85' lang='lat' dir='ltr'><strong>vocabulum</strong></span> <span class='ocrx_word' id='word_1_125' title='bbox 1916 2028 2209 2111; x_wconf 87' lang='lat' dir='ltr'><strong>luctus,</strong></span> <span class='ocrx_word' id='word_1_126' title='bbox 2242 2026 2313 2092; x_wconf 87' lang='lat' dir='ltr'><strong>id</strong></span> <span class='ocrx_word' id='word_1_127' title='bbox 2342 2036 2519 2091; x_wconf 85' lang='lat' dir='ltr'><strong>recte</strong></span> <span class='ocrx_word' id='word_1_128' title='bbox 2548 2026 2791 2093; x_wconf 84' lang='lat' dir='ltr'><strong>habere</strong></span> 
     </span>
     <span class='ocr_line' id='line_1_17' title="bbox 649 2122 2797 2221; baseline -0.001 -23"><span class='ocrx_word' id='word_1_129' title='bbox 649 2155 820 2219; x_wconf 83' lang='lat' dir='ltr'><strong>nego</strong></span> <span class='ocrx_word' id='word_1_130' title='bbox 868 2138 934 2197; x_wconf 79' lang='lat' dir='ltr'><strong>et</strong></span> <span class='ocrx_word' id='word_1_131' title='bbox 978 2131 1147 2199; x_wconf 82' lang='lat' dir='ltr'><strong>hanc</strong></span> <span class='ocrx_word' id='word_1_132' title='bbox 1197 2132 1278 2197; x_wconf 93' lang='lat' dir='ltr'><strong>ob</strong></span> <span class='ocrx_word' id='word_1_133' title='bbox 1329 2155 1644 2215; x_wconf 80' lang='lat' dir='ltr'><strong>caussam,</strong></span> <span class='ocrx_word' id='word_1_134' title='bbox 1694 2134 1869 2221; x_wconf 88' lang='lat' dir='ltr'><strong>quod</strong></span> <span class='ocrx_word' id='word_1_135' title='bbox 1914 2134 2087 2199; x_wconf 87' lang='lat' dir='ltr'><strong>idem</strong></span> <span class='ocrx_word' id='word_1_136' title='bbox 2134 2135 2203 2197; x_wconf 85' lang='lat' dir='ltr'><strong>in</strong></span> <span class='ocrx_word' id='word_1_137' title='bbox 2248 2156 2443 2197; x_wconf 86' lang='lat' dir='ltr'><strong>versu</strong></span> <span class='ocrx_word' id='word_1_138' title='bbox 2490 2133 2573 2197; x_wconf 75' lang='lat'><strong>23</strong></span> <span class='ocrx_word' id='word_1_139' title='bbox 2614 2122 2797 2197; x_wconf 81' lang='lat' dir='ltr'><strong>inve-</strong></span> 
     </span>
     <span class='ocr_line' id='line_1_18' title="bbox 645 2239 2796 2328; baseline -0.001 -23"><span class='ocrx_word' id='word_1_140' title='bbox 645 2242 827 2306; x_wconf 86' lang='lat' dir='ltr'>nitur</span> <span class='ocrx_word' id='word_1_141' title='bbox 891 2240 1200 2327; x_wconf 84' lang='lat' dir='ltr'><strong>positum:</strong></span> <span class='ocrx_word' id='word_1_142' title='bbox 1274 2248 1514 2322; x_wconf 78' lang='lat' dir='ltr'><strong>„tanta</strong></span> <span class='ocrx_word' id='word_1_143' title='bbox 1582 2248 1683 2303; x_wconf 88' lang='lat' dir='ltr'><strong>cst</strong></span> <span class='ocrx_word' id='word_1_144' title='bbox 1749 2242 2004 2305; x_wconf 81' lang='lat' dir='ltr'><strong>insania</strong></span> <span class='ocrx_word' id='word_1_145' title='bbox 2071 2239 2416 2321; x_wconf 83' lang='lat' dir='ltr'><strong>luetus“,</strong></span> <span class='ocrx_word' id='word_1_146' title='bbox 2488 2248 2555 2303; x_wconf 86' lang='lat' dir='ltr'><strong>et</strong></span> <span class='ocrx_word' id='word_1_147' title='bbox 2624 2240 2796 2328; x_wconf 89' lang='lat' dir='ltr'><strong>quod</strong></span> 
     </span>
     <span class='ocr_line' id='line_1_19' title="bbox 643 2344 2798 2434; baseline -0.001 -23"><span class='ocrx_word' id='word_1_148' title='bbox 643 2346 1090 2433; x_wconf 81' lang='lat' dir='ltr'><strong>significanter</strong></span> <span class='ocrx_word' id='word_1_149' title='bbox 1134 2344 1414 2411; x_wconf 86' lang='lat' dir='ltr'><strong>indicari</strong></span> <span class='ocrx_word' id='word_1_150' title='bbox 1477 2369 1623 2411; x_wconf 85' lang='lat' dir='ltr'><strong>eam</strong></span> <span class='ocrx_word' id='word_1_151' title='bbox 1684 2368 1822 2412; x_wconf 87' lang='lat' dir='ltr'><strong>rem</strong></span> <span class='ocrx_word' id='word_1_152' title='bbox 1871 2347 2177 2433; x_wconf 81' lang='lat' dir='ltr'><strong>oportuit,</strong></span> <span class='ocrx_word' id='word_1_153' title='bbox 2227 2369 2354 2434; x_wconf 88' lang='lat' dir='ltr'><strong>qua</strong></span> <span class='ocrx_word' id='word_1_154' title='bbox 2396 2345 2464 2410; x_wconf 88' lang='lat' dir='ltr'><strong>in</strong></span> <span class='ocrx_word' id='word_1_155' title='bbox 2511 2345 2798 2410; x_wconf 86' lang='lat' dir='ltr'><strong>carmina</strong></span> 
     </span>
     <span class='ocr_line' id='line_1_20' title="bbox 648 2450 2799 2540; baseline -0.001 -23"><span class='ocrx_word' id='word_1_156' title='bbox 648 2475 843 2519; x_wconf 79' lang='lat' dir='ltr'><strong>versa</strong></span> <span class='ocrx_word' id='word_1_157' title='bbox 886 2451 958 2517; x_wconf 85' lang='lat' dir='ltr'><strong>id</strong></span> <span class='ocrx_word' id='word_1_158' title='bbox 1005 2452 1320 2517; x_wconf 85' lang='lat' dir='ltr'><strong>accidisse</strong></span> <span class='ocrx_word' id='word_1_159' title='bbox 1366 2452 1723 2536; x_wconf 82' lang='lat' dir='ltr'><strong>videretur,</strong></span> <span class='ocrx_word' id='word_1_160' title='bbox 1766 2463 1837 2517; x_wconf 85' lang='lat' dir='ltr'><strong>ut</strong></span> <span class='ocrx_word' id='word_1_161' title='bbox 1884 2451 2185 2540; x_wconf 83' lang='lat' dir='ltr'><strong>querelae</strong></span> <span class='ocrx_word' id='word_1_162' title='bbox 2231 2452 2536 2517; x_wconf 83' lang='lat' dir='ltr'><strong>intercise</strong></span> <span class='ocrx_word' id='word_1_163' title='bbox 2582 2450 2799 2538; x_wconf 86' lang='lat' dir='ltr'><strong>potius</strong></span> 
     </span>
     <span class='ocr_line' id='line_1_21' title="bbox 641 2557 2796 2646; baseline -0 -24"><span class='ocrx_word' id='word_1_164' title='bbox 641 2569 1056 2646; x_wconf 80' lang='lat' dir='ltr'><strong>erumperent</strong></span> <span class='ocrx_word' id='word_1_165' title='bbox 1127 2557 1216 2645; x_wconf 80' lang='lat' dir='ltr'><strong>(v.</strong></span> <span class='ocrx_word' id='word_1_166' title='bbox 1291 2559 1414 2624; x_wconf 80' lang='lat'><strong>26:</strong></span> <span class='ocrx_word' id='word_1_167' title='bbox 1493 2557 2105 2645; x_wconf 76' lang='lat' dir='ltr'><strong>„singultantia</strong></span> <span class='ocrx_word' id='word_1_168' title='bbox 2170 2558 2480 2623; x_wconf 86' lang='lat' dir='ltr'><strong>verba.“</strong></span> <span class='ocrx_word' id='word_1_169' title='bbox 2572 2558 2796 2622; x_wconf 86' lang='lat' dir='ltr'><strong>Burm.</strong></span> 
     </span>
     <span class='ocr_line' id='line_1_22' title="bbox 651 2662 2798 2754; baseline -0.002 -25"><span class='ocrx_word' id='word_1_170' title='bbox 651 2665 848 2752; x_wconf 89' lang='lat' dir='ltr'><strong>Prop.</strong></span> <span class='ocrx_word' id='word_1_171' title='bbox 896 2664 947 2729; x_wconf 91' lang='grc' dir='ltr'><strong>Ι.</strong></span> <span class='ocrx_word' id='word_1_172' title='bbox 1011 2664 1074 2747; x_wconf 80' lang='lat'><strong>5,</strong></span> <span class='ocrx_word' id='word_1_173' title='bbox 1138 2666 1221 2729; x_wconf 85' lang='lat'><strong>14</strong></span> <span class='ocrx_word' id='word_1_174' title='bbox 1276 2688 1339 2751; x_wconf 90' lang='grc' dir='ltr'><strong>Ρ.</strong></span> <span class='ocrx_word' id='word_1_175' title='bbox 1387 2664 1528 2754; x_wconf 78' lang='lat'><strong>54),</strong></span> <span class='ocrx_word' id='word_1_176' title='bbox 1599 2688 1792 2753; x_wconf 89' lang='lat' dir='ltr'><strong>quam</strong></span> <span class='ocrx_word' id='word_1_177' title='bbox 1850 2688 1979 2730; x_wconf 90' lang='lat' dir='ltr'><strong>uno</strong></span> <span class='ocrx_word' id='word_1_178' title='bbox 2041 2666 2289 2752; x_wconf 86' lang='lat' dir='ltr'><strong>impetu</strong></span> <span class='ocrx_word' id='word_1_179' title='bbox 2350 2675 2416 2727; x_wconf 88' lang='lat' dir='ltr'><strong>et</strong></span> <span class='ocrx_word' id='word_1_180' title='bbox 2474 2662 2798 2751; x_wconf 82' lang='lat' dir='ltr'><strong>aequabili</strong></span> 
     </span>
     <span class='ocr_line' id='line_1_23' title="bbox 644 2770 2799 2853; baseline -0.001 -18"><span class='ocrx_word' id='word_1_181' title='bbox 644 2770 986 2836; x_wconf 83' lang='lat' dir='ltr'><strong>modorum</strong></span> <span class='ocrx_word' id='word_1_182' title='bbox 1043 2772 1532 2837; x_wconf 80' lang='lat' dir='ltr'><strong>continuatione</strong></span> <span class='ocrx_word' id='word_1_183' title='bbox 1585 2770 2033 2836; x_wconf 86' lang='lat' dir='ltr'><strong>funderentur.</strong></span> <span class='ocrx_word' id='word_1_184' title='bbox 2130 2770 2379 2853; x_wconf 80' lang='lat' dir='ltr'><strong>Quibus</strong></span> <span class='ocrx_word' id='word_1_185' title='bbox 2426 2770 2509 2833; x_wconf 86' lang='lat' dir='ltr'><strong>de</strong></span> <span class='ocrx_word' id='word_1_186' title='bbox 2556 2770 2799 2833; x_wconf 84' lang='lat' dir='ltr'><strong>caussis</strong></span> 
     </span>
     <span class='ocr_line' id='line_1_24' title="bbox 640 2874 2799 2962; baseline -0.001 -21"><span class='ocrx_word' id='word_1_187' title='bbox 640 2874 918 2941; x_wconf 86' lang='lat' dir='ltr'><strong>luctus</strong></span> <span class='ocrx_word' id='word_1_188' title='bbox 974 2876 1042 2941; x_wconf 89' lang='lat' dir='ltr'><strong>in</strong></span> <span class='ocrx_word' id='word_1_189' title='bbox 1101 2898 1480 2941; x_wconf 87' lang='lat' dir='ltr'><strong>numeros</strong></span> <span class='ocrx_word' id='word_1_190' title='bbox 1539 2876 1895 2943; x_wconf 86' lang='lat' dir='ltr'><strong>vertendos</strong></span> <span class='ocrx_word' id='word_1_191' title='bbox 1956 2898 2097 2941; x_wconf 89' lang='lat' dir='ltr'><strong>esse</strong></span> <span class='ocrx_word' id='word_1_192' title='bbox 2146 2876 2397 2941; x_wconf 81' lang='lat' dir='ltr'><strong>affirmo</strong></span> <span class='ocrx_word' id='word_1_193' title='bbox 2446 2897 2650 2962; x_wconf 88' lang='lat' dir='ltr'><strong>eoque</strong></span> <span class='ocrx_word' id='word_1_194' title='bbox 2697 2875 2799 2939; x_wconf 88' lang='lat' dir='ltr'><strong>fir-</strong></span> 
     </span>
     <span class='ocr_line' id='line_1_25' title="bbox 642 2980 2799 3070; baseline -0.001 -23"><span class='ocrx_word' id='word_1_195' title='bbox 642 2985 810 3047; x_wconf 91' lang='lat' dir='ltr'><strong>mior</strong></span> <span class='ocrx_word' id='word_1_196' title='bbox 848 3005 966 3070; x_wconf 91' lang='lat' dir='ltr'><strong>pro</strong></span> <span class='ocrx_word' id='word_1_197' title='bbox 999 2980 1145 3066; x_wconf 78' lang='lat' dir='ltr'><strong>hae,</strong></span> <span class='ocrx_word' id='word_1_198' title='bbox 1186 2983 1289 3047; x_wconf 89' lang='lat' dir='ltr'><strong>cui</strong></span> <span class='ocrx_word' id='word_1_199' title='bbox 1321 2981 1406 3047; x_wconf 89' lang='lat' dir='ltr'><strong>ad</strong></span> <span class='ocrx_word' id='word_1_200' title='bbox 1437 3005 1500 3046; x_wconf 89' lang='lat' dir='ltr'><strong>v.</strong></span> <span class='ocrx_word' id='word_1_201' title='bbox 1527 2982 1615 3046; x_wconf 78' lang='lat'><strong>24</strong></span> <span class='ocrx_word' id='word_1_202' title='bbox 1645 3006 1709 3069; x_wconf 91' lang='grc' dir='ltr'><strong>Ρ.</strong></span> <span class='ocrx_word' id='word_1_203' title='bbox 1736 2982 1819 3047; x_wconf 83' lang='grc'><strong>37</strong></span> <span class='ocrx_word' id='word_1_204' title='bbox 1847 2982 2166 3069; x_wconf 84' lang='lat' dir='ltr'><strong>quaedam</strong></span> <span class='ocrx_word' id='word_1_205' title='bbox 2201 2983 2627 3070; x_wconf 86' lang='lat' dir='ltr'><strong>praemunivi,</strong></span> <span class='ocrx_word' id='word_1_206' title='bbox 2663 3002 2799 3046; x_wconf 85' lang='lat' dir='ltr'><strong>sen·</strong></span> 
     </span>
     <span class='ocr_line' id='line_1_26' title="bbox 641 3087 2799 3177; baseline -0.001 -25"><span class='ocrx_word' id='word_1_207' title='bbox 641 3090 849 3153; x_wconf 78' lang='lat' dir='ltr'><strong>tentia</strong></span> <span class='ocrx_word' id='word_1_208' title='bbox 895 3111 1057 3172; x_wconf 87' lang='lat' dir='ltr'><strong>sum,</strong></span> <span class='ocrx_word' id='word_1_209' title='bbox 1118 3088 1292 3177; x_wconf 86' lang='lat' dir='ltr'><strong>quod</strong></span> <span class='ocrx_word' id='word_1_210' title='bbox 1335 3088 1837 3174; x_wconf 86' lang='lat' dir='ltr'><strong>Rehdigeranus</strong></span> <span class='ocrx_word' id='word_1_211' title='bbox 1881 3087 2048 3154; x_wconf 87' lang='lat' dir='ltr'><strong>liber</strong></span> <span class='ocrx_word' id='word_1_212' title='bbox 2102 3090 2377 3175; x_wconf 87' lang='lat' dir='ltr'><strong>praebet</strong></span> <span class='ocrx_word' id='word_1_213' title='bbox 2434 3110 2707 3171; x_wconf 84' lang='lat' dir='ltr'><strong>narus3</strong></span> <span class='ocrx_word' id='word_1_214' title='bbox 2758 3111 2799 3151; x_wconf 92' lang='lat' dir='ltr'><strong>a</strong></span> 
     </span>
     <span class='ocr_line' id='line_1_27' title="bbox 644 3192 2798 3283; baseline -0.001 -24"><span class='ocrx_word' id='word_1_215' title='bbox 644 3192 1040 3260; x_wconf 79' lang='lat' dir='ltr'><strong>Marklando</strong></span> <span class='ocrx_word' id='word_1_216' title='bbox 1089 3204 1305 3259; x_wconf 86' lang='lat' dir='ltr'><strong>autem</strong></span> <span class='ocrx_word' id='word_1_217' title='bbox 1351 3204 1415 3258; x_wconf 89' lang='lat' dir='ltr'><strong>et</strong></span> <span class='ocrx_word' id='word_1_218' title='bbox 1447 3193 1715 3282; x_wconf 87' lang='lat' dir='ltr'><strong>reliquis</strong></span> <span class='ocrx_word' id='word_1_219' title='bbox 1744 3194 1975 3259; x_wconf 83' lang='lat' dir='ltr'><strong>inferri</strong></span> <span class='ocrx_word' id='word_1_220' title='bbox 2008 3204 2387 3283; x_wconf 81' lang='lat' dir='ltr'><strong>oportuerat</strong></span> <span class='ocrx_word' id='word_1_221' title='bbox 2418 3194 2798 3283; x_wconf 84' lang='lat' dir='ltr'><strong>planctus</strong></span> 
     </span>
     <span class='ocr_line' id='line_1_28' title="bbox 646 3297 2793 3389; baseline -0.001 -26"><span class='ocrx_word' id='word_1_222' title='bbox 646 3299 724 3363; x_wconf 85' lang='lat' dir='ltr'><strong>cf.</strong></span> <span class='ocrx_word' id='word_1_223' title='bbox 791 3297 990 3365; x_wconf 83' lang='lat' dir='ltr'><strong>Ovid.</strong></span> <span class='ocrx_word' id='word_1_224' title='bbox 1053 3299 1213 3364; x_wconf 82' lang='lat' dir='ltr'><strong>Met.</strong></span> <span class='ocrx_word' id='word_1_225' title='bbox 1262 3297 1412 3363; x_wconf 89' lang='lat' dir='ltr'><strong>Vlll.</strong></span> <span class='ocrx_word' id='word_1_226' title='bbox 1479 3300 1602 3365; x_wconf 82' lang='lat'><strong>199</strong></span> <span class='ocrx_word' id='word_1_227' title='bbox 1673 3300 1864 3366; x_wconf 88' lang='lat' dir='ltr'><strong>lusu.</strong></span> <span class='ocrx_word' id='word_1_228' title='bbox 1931 3300 2132 3366; x_wconf 86' lang='lat' dir='ltr'><strong>Basil.</strong></span> <span class='ocrx_word' id='word_1_229' title='bbox 2184 3302 2413 3366; x_wconf 79' lang='lat' dir='ltr'><strong>HeinS.</strong></span> <span class='ocrx_word' id='word_1_230' title='bbox 2485 3300 2793 3389; x_wconf 88' lang='lat' dir='ltr'><strong>plausu.</strong></span> 
     </span>
     <span class='ocr_line' id='line_1_29' title="bbox 648 3403 2796 3494; baseline -0.001 -25"><span class='ocrx_word' id='word_1_231' title='bbox 648 3403 986 3470; x_wconf 82' lang='lat' dir='ltr'><strong>Claudian.</strong></span> <span class='ocrx_word' id='word_1_232' title='bbox 1067 3406 1251 3471; x_wconf 80' lang='lat' dir='ltr'><strong>Sext.</strong></span> <span class='ocrx_word' id='word_1_233' title='bbox 1335 3404 1531 3471; x_wconf 86' lang='lat' dir='ltr'><strong>Cons.</strong></span> <span class='ocrx_word' id='word_1_234' title='bbox 1613 3405 1786 3472; x_wconf 88' lang='lat' dir='ltr'><strong>Hon.</strong></span> <span class='ocrx_word' id='word_1_235' title='bbox 1869 3406 2083 3473; x_wconf 85' lang='lat' dir='ltr'><strong>Praef.</strong></span> <span class='ocrx_word' id='word_1_236' title='bbox 2168 3408 2249 3471; x_wconf 81' lang='lat'><strong>15</strong></span> <span class='ocrx_word' id='word_1_237' title='bbox 2331 3405 2796 3494; x_wconf 85' lang='lat' dir='ltr'><strong>plaudebant.</strong></span> 
     </span>
     <span class='ocr_line' id='line_1_30' title="bbox 651 3508 2797 3601; baseline 0 -26"><span class='ocrx_word' id='word_1_238' title='bbox 651 3509 910 3575; x_wconf 88' lang='lat' dir='ltr'><strong>Tholos.</strong></span> <span class='ocrx_word' id='word_1_239' title='bbox 976 3508 1386 3575; x_wconf 85' lang='lat' dir='ltr'><strong>laudabant.</strong></span> <span class='ocrx_word' id='word_1_240' title='bbox 1460 3511 1706 3576; x_wconf 87' lang='lat' dir='ltr'><strong>Lucan.</strong></span> <span class='ocrx_word' id='word_1_241' title='bbox 1766 3511 1877 3577; x_wconf 93' lang='lat' dir='ltr'><strong>lX.</strong></span> <span class='ocrx_word' id='word_1_242' title='bbox 1944 3514 2067 3578; x_wconf 82' lang='lat'><strong>107</strong></span> <span class='ocrx_word' id='word_1_243' title='bbox 2120 3516 2379 3601; x_wconf 88' lang='lat' dir='ltr'><strong>jactus.</strong></span> <span class='ocrx_word' id='word_1_244' title='bbox 2451 3512 2509 3576; x_wconf 83' lang='lat' dir='ltr'><strong>S.</strong></span> <span class='ocrx_word' id='word_1_245' title='bbox 2574 3512 2797 3578; x_wconf 83' lang='lat' dir='ltr'><strong>Germ.</strong></span> 
     </span>
     <span class='ocr_line' id='line_1_31' title="bbox 649 3614 2799 3707; baseline 0 -26"><span class='ocrx_word' id='word_1_246' title='bbox 649 3614 1027 3704; x_wconf 79' lang='lat' dir='ltr'><strong>planctus,</strong></span> <span class='ocrx_word' id='word_1_247' title='bbox 1120 3615 1271 3680; x_wconf 88' lang='lat' dir='ltr'><strong>Vlll.</strong></span> <span class='ocrx_word' id='word_1_248' title='bbox 1305 3616 1392 3682; x_wconf 79' lang='lat'><strong>53</strong></span> <span class='ocrx_word' id='word_1_249' title='bbox 1436 3614 1713 3682; x_wconf 82' lang='lat' dir='ltr'><strong>luctus.</strong></span> <span class='ocrx_word' id='word_1_250' title='bbox 1772 3618 1959 3685; x_wconf 87' lang='lat' dir='ltr'><strong>codd.</strong></span> <span class='ocrx_word' id='word_1_251' title='bbox 2010 3619 2232 3684; x_wconf 88' lang='lat' dir='ltr'><strong>Burm.</strong></span> <span class='ocrx_word' id='word_1_252' title='bbox 2283 3643 2342 3707; x_wconf 88' lang='lat' dir='ltr'><strong>p.</strong></span> <span class='ocrx_word' id='word_1_253' title='bbox 2394 3618 2521 3683; x_wconf 84' lang='lat'><strong>538</strong></span> <span class='ocrx_word' id='word_1_254' title='bbox 2572 3615 2799 3682; x_wconf 86' lang='lat' dir='ltr'><strong>fletus</strong></span> 
     </span>
     <span class='ocr_line' id='line_1_32' title="bbox 655 3719 2797 3814; baseline -0.001 -27"><span class='ocrx_word' id='word_1_255' title='bbox 655 3730 722 3787; x_wconf 87' lang='lat' dir='ltr'><strong>et</strong></span> <span class='ocrx_word' id='word_1_256' title='bbox 780 3719 1121 3788; x_wconf 87' lang='lat' dir='ltr'><strong>Claudian.</strong></span> <span class='ocrx_word' id='word_1_257' title='bbox 1181 3722 1256 3787; x_wconf 84' lang='lat' dir='ltr'><strong>R.</strong></span> <span class='ocrx_word' id='word_1_258' title='bbox 1322 3722 1500 3789; x_wconf 86' lang='lat' dir='ltr'><strong>Pros.</strong></span> <span class='ocrx_word' id='word_1_259' title='bbox 1559 3722 1625 3788; x_wconf 92' lang='lat' dir='ltr'><strong>ll.</strong></span> <span class='ocrx_word' id='word_1_260' title='bbox 1689 3724 1819 3790; x_wconf 80' lang='lat'><strong>273</strong></span> <span class='ocrx_word' id='word_1_261' title='bbox 1877 3725 2246 3814; x_wconf 87' lang='lat' dir='ltr'><strong>fletuque.</strong></span> <span class='ocrx_word' id='word_1_262' title='bbox 2327 3724 2515 3789; x_wconf 85' lang='lat' dir='ltr'><strong>Voss.</strong></span> <span class='ocrx_word' id='word_1_263' title='bbox 2583 3724 2797 3789; x_wconf 87' lang='lat' dir='ltr'><strong>Vatie.</strong></span> 
     </span>
     <span class='ocr_line' id='line_1_33' title="bbox 653 3827 1134 3916; baseline 0.006 -24"><span class='ocrx_word' id='word_1_264' title='bbox 653 3850 779 3894; x_wconf 85' lang='lat' dir='ltr'><strong>sec.</strong></span> <span class='ocrx_word' id='word_1_265' title='bbox 827 3827 1134 3916; x_wconf 84' lang='lat' dir='ltr'><strong>planctu.</strong></span> 
     </span>
    </p>

    <p class='ocr_par' dir='ltr' id='par_1_4' title="bbox 647 3934 2802 4451">
     <span class='ocr_line' id='line_1_34' title="bbox 823 3934 2800 4025; baseline 0.001 -26"><span class='ocrx_word' id='word_1_266' title='bbox 823 3934 972 4021; x_wconf 87' lang='lat' dir='ltr'><strong>Age</strong></span> <span class='ocrx_word' id='word_1_267' title='bbox 1018 3957 1211 4003; x_wconf 83' lang='lat' dir='ltr'><strong>vero:</strong></span> <span class='ocrx_word' id='word_1_268' title='bbox 1259 3936 1436 4003; x_wconf 84' lang='lat' dir='ltr'><strong>istud</strong></span> <span class='ocrx_word' id='word_1_269' title='bbox 1483 3936 1877 4005; x_wconf 86' lang='lat' dir='ltr'><strong>vocabulum</strong></span> <span class='ocrx_word' id='word_1_270' title='bbox 1924 3941 2279 4005; x_wconf 83' lang='lat' dir='ltr'><strong>earmina</strong></span> <span class='ocrx_word' id='word_1_271' title='bbox 2324 3960 2539 4005; x_wconf 86' lang='lat' dir='ltr'><strong>nonne</strong></span> <span class='ocrx_word' id='word_1_272' title='bbox 2585 3939 2800 4025; x_wconf 87' lang='lat' dir='ltr'><strong>ipsum</strong></span> 
     </span>
     <span class='ocr_line' id='line_1_35' title="bbox 653 4041 2800 4132; baseline -0.001 -25"><span class='ocrx_word' id='word_1_273' title='bbox 653 4041 1138 4130; x_wconf 87' lang='lat' dir='ltr'><strong>reprobandum</strong></span> <span class='ocrx_word' id='word_1_274' title='bbox 1187 4054 1286 4109; x_wconf 90' lang='lat' dir='ltr'><strong>est</strong></span> <span class='ocrx_word' id='word_1_275' title='bbox 1339 4054 1611 4132; x_wconf 90' lang='lat' dir='ltr'><strong>propter</strong></span> <span class='ocrx_word' id='word_1_276' title='bbox 1658 4045 2045 4110; x_wconf 84' lang='lat' dir='ltr'><strong>sententiam</strong></span> <span class='ocrx_word' id='word_1_277' title='bbox 2094 4054 2160 4109; x_wconf 91' lang='lat' dir='ltr'><strong>ct</strong></span> <span class='ocrx_word' id='word_1_278' title='bbox 2204 4044 2583 4110; x_wconf 79' lang='lat' dir='ltr'><strong>verborum:</strong></span> <span class='ocrx_word' id='word_1_279' title='bbox 2631 4042 2800 4107; x_wconf 92' lang='lat' dir='ltr'><strong>Hoc</strong></span> 
     </span>
     <span class='ocr_line' id='line_1_36' title="bbox 648 4146 2802 4237; baseline -0.003 -20"><span class='ocrx_word' id='word_1_280' title='bbox 648 4172 791 4217; x_wconf 85' lang='lat' dir='ltr'><strong>cum</strong></span> <span class='ocrx_word' id='word_1_281' title='bbox 839 4146 1168 4214; x_wconf 87' lang='lat' dir='ltr'><strong>eluctor</strong></span> <span class='ocrx_word' id='word_1_282' title='bbox 1211 4188 1300 4199; x_wconf 88' lang='lat'><strong>—-</strong></span> <span class='ocrx_word' id='word_1_283' title='bbox 1343 4148 1955 4237; x_wconf 86' lang='lat' dir='ltr'><strong>Discordesque</strong></span> <span class='ocrx_word' id='word_1_284' title='bbox 2023 4151 2303 4217; x_wconf 85' lang='lat' dir='ltr'><strong>modos</strong></span> <span class='ocrx_word' id='word_1_285' title='bbox 2372 4158 2440 4214; x_wconf 94' lang='lat' dir='ltr'><strong>et</strong></span> <span class='ocrx_word' id='word_1_286' title='bbox 2506 4147 2802 4235; x_wconf 84' lang='lat' dir='ltr'><strong>singul-</strong></span> 
     </span>
     <span class='ocr_line' id='line_1_37' title="bbox 647 4254 2801 4346; baseline -0.005 -19"><span class='ocrx_word' id='word_1_287' title='bbox 647 4262 916 4328; x_wconf 79' lang='lat' dir='ltr'><strong>tantia</strong></span> <span class='ocrx_word' id='word_1_288' title='bbox 981 4256 1242 4323; x_wconf 85' lang='lat' dir='ltr'><strong>verba</strong></span> <span class='ocrx_word' id='word_1_289' title='bbox 1311 4267 1376 4321; x_wconf 92' lang='lat' dir='ltr'><strong>et</strong></span> <span class='ocrx_word' id='word_1_290' title='bbox 1432 4279 1660 4323; x_wconf 86' lang='lat' dir='ltr'><strong>versus</strong></span> <span class='ocrx_word' id='word_1_291' title='bbox 1714 4259 1822 4340; x_wconf 80' lang='lat'><strong>48,</strong></span> <span class='ocrx_word' id='word_1_292' title='bbox 1892 4280 2022 4346; x_wconf 86' lang='lat' dir='ltr'><strong>quo</strong></span> <span class='ocrx_word' id='word_1_293' title='bbox 2093 4257 2385 4323; x_wconf 84' lang='lat' dir='ltr'><strong>tristia</strong></span> <span class='ocrx_word' id='word_1_294' title='bbox 2450 4254 2801 4319; x_wconf 84' lang='lat' dir='ltr'><strong>carmina</strong></span> 
     </span>
     <span class='ocr_line' id='line_1_38' title="bbox 652 4362 2798 4451; baseline -0.006 -17"><span class='ocrx_word' id='word_1_295' title='bbox 652 4368 894 4435; x_wconf 83' lang='lat' dir='ltr'><strong>diutius</strong></span> <span class='ocrx_word' id='word_1_296' title='bbox 990 4362 1112 4428; x_wconf 87' lang='lat' dir='ltr'><strong>sibi</strong></span> <span class='ocrx_word' id='word_1_297' title='bbox 1218 4362 1444 4428; x_wconf 82' lang='lat' dir='ltr'><strong>deberi</strong></span> <span class='ocrx_word' id='word_1_298' title='bbox 1532 4386 1724 4451; x_wconf 88' lang='lat' dir='ltr'><strong>posse</strong></span> <span class='ocrx_word' id='word_1_299' title='bbox 1818 4366 1962 4451; x_wconf 86' lang='lat' dir='ltr'><strong>ipsa</strong></span> <span class='ocrx_word' id='word_1_300' title='bbox 2056 4364 2283 4428; x_wconf 85' lang='lat' dir='ltr'><strong>domus</strong></span> <span class='ocrx_word' id='word_1_301' title='bbox 2365 4370 2564 4447; x_wconf 78' lang='lat' dir='ltr'><strong>negat</strong></span> <span class='ocrx_word' id='word_1_302' title='bbox 2654 4382 2798 4423; x_wconf 88' lang='lat' dir='ltr'><strong>eum</strong></span> 
     </span>
    </p>
   </div>
  </div>
 </body>
</html>
