3234 4967
1364 367 1588 420 Adnot.
1626 370 1706 420 55.
2518 373 2591 440 91

459 569 652 636 busta
697 570 847 636 Lini
905 570 1284 662 complexus
1330 573 1652 640 invenit
1710 574 1888 663 quod
1957 574 2079 642 sibi
2126 576 2311 642 dulce
2360 585 2604 664 esset,“

459 675 612 741 inde
659 697 888 743 versus
934 675 1020 742 56
1069 686 1183 742 aut
1229 679 1322 744 sic
1369 679 1841 750 constituendi:
1892 680 2302 749 Conticui.
2350 685 2603 754 Nimius

459 786 734 850 fortasse
781 787 912 832 —-—“
959 781 1063 871 (ut
1109 783 1315 850 Theb.
1362 781 1473 850 IV.
1527 784 1685 851 185:
1745 786 2093 874 Thamyris
2150 789 2491 857 damnatus
2536 795 2604 860 in

463 913 669 978 annos
738 891 872 988 ¹Ore
943 891 1133 958 simul
1209 891 1587 982 citharaque
1634 933 1723 943 —-
1771 893 2191 962 Conticuit
2258 900 2603 988 praeceps)

462 1008 576 1065 aut
635 996 699 1065 in
746 996 920 1064 hunc
965 998 1250 1083 modum,
1299 998 1510 1087 quem'
1538 1022 1665 1087 ego
1712 1000 2065 1091 pervelim:

1485 1142 1528 1194 si
1569 1141 1620 1194 in
1660 1143 1844 1196 funere
1881 1159 2035 1196 carae
2101 1107 2111 1117 ·

567 1227 821 1296 conjugis
859 1228 1057 1280 invenit
1095 1234 1311 1282 caneret
1347 1228 1488 1297 quod
1527 1230 1723 1282 tersius
1761 1229 2025 1299 OrpheuS,

566 1312 731 1365 Dulce
769 1312 872 1365 sibi
909 1313 953 1366 si
995 1311 1147 1366 busta
1188 1313 1298 1366 Lini
1335 1313 1649 1384 complexus
1687 1314 1887 1385 Apollo.

563 1397 749 1452 Nunc
783 1400 934 1452 acui
970 1400 1166 1454 nimius
1203 1400 1427 1452 fortasse
1467 1399 1761 1470 avidusque
1799 1399 2001 1454 doloris

569 1483 742 1538 Dicor.

468 1607 636 1672 Nam
711 1626 909 1692 quum
977 1601 1191 1691 ipsum
1259 1603 1591 1685 nimius,
1688 1603 1824 1670 sive
1907 1604 2219 1672 doloris
2286 1606 2606 1674 nimium

465 1710 960 1799 avidumque
995 1707 1126 1774 dici
1162 1719 1354 1798 putas
1385 1717 1645 1798 poetam
1680 1711 1817 1777 sive
1842 1712 2168 1778 nimium
2202 1720 2268 1776 et
2300 1710 2610 1779 doloris

465 1816 794 1885 avidum
841 1814 944 1904 (ut
989 1839 1030 1882 a
1061 1817 1312 1884 Seneca
1341 1814 1468 1904 Ag.
1503 1817 1625 1882 84:
1674 1817 1965 1906 Erinnys
1996 1818 2305 1886 Nimias
2352 1841 2611 1910 semper

465 1925 776 1992 comitata
821 1923 1160 2007 domos“,
1208 1945 1250 1988 a
1294 1923 1523 1990 Tacito
1585 1923 1757 1990 Hist.
1806 1924 1927 1990 111.
1984 1923 2071 1996 52
2132 1923 2399 1992 nimium
2456 1924 2612 1992 An·

467 2035 814 2102 tonium“
846 2031 1177 2119 Floroque
1225 2030 1338 2098 ΙΙΙ.
1375 2029 1477 2113 15,
1523 2031 1598 2096 33
1620 2032 1762 2119 jam
1794 2032 2134 2098 nimium
2181 2040 2249 2097 et
2276 2041 2611 2120 potentem

445 2141 673 2224 ‚altero
697 2169 700 2172 ⁴
721 2135 1166 2222 tribunatu“),
1238 2134 1508 2219 habeat,
1578 2137 1755 2225 quod
1802 2136 2163 2225 displiceat,
2233 2136 2339 2204 illa
2386 2139 2609 2223 verba,

471 2270 639 2337 quae
705 2244 1055 2326 illaborata
1115 2252 1266 2310 sunt
1335 2251 1530 2332 atque
1591 2243 1791 2308 obvia
1855 2242 2173 2310 recolenti
2241 2243 2349 2310 vel
2417 2268 2613 2312 voces

469 2375 703 2420 carae
749 2376 814 2418 v.
864 2352 973 2419 53.
1021 2349 1297 2417 tumulo
1343 2374 1406 2418 v,
1442 2347 1526 2414 25
1567 2349 1639 2414 in
1669 2347 1879 2416 Rehd.
1912 2349 2005 2414 sic
2036 2349 2365 2438 proditas:
2414 2359 2610 2418 tare.

469 2457 796 2528 cuinulo
848 2458 928 2524 cf.
978 2481 1040 2523 v.
1090 2457 1174 2522 29
1222 2456 1534 2522 victatus
1569 2453 1683 2544 (ne
1705 2457 1847 2545 jam
1876 2457 2057 2522 vocis
2084 2479 2242 2523 non
2288 2457 2354 2521 in
2398 2455 2614 2524 locum

468 2568 648 2634 vocis
706 2586 912 2630 nunc
971 2562 1364 2648 subrogatae
1433 2569 1635 2628 testes
1702 2561 1973 2628 afferam
2040 2561 2243 2630 libros
2311 2562 2615 2632 Eumenii

469 2696 590 2764 pro
638 2673 810 2749 inst.⁸
839 2667 1041 2738 schol.
1095 2669 1197 2753 19,
1245 2669 1316 2734 53
1362 2690 1576 2734 nunc
1622 2670 1907 2734 aeternis
1938 2669 2245 2758 auspiciis
2274 2691 2615 2738 renascun-

471 2791 597 2846 tur.
648 2777 794 2844 cod.
840 2777 1056 2842 Livin.
1104 2798 1261 2841 non
1309 2783 1374 2840 et
1423 2774 1600 2840 Livii
1645 2773 1857 2840 Drak.
1904 2775 1992 2840 X.
2068 2775 2171 2859 14,
2244 2777 2328 2842 12
2373 2801 2436 2866 p.
2490 2779 2613 2843 107

471 2889 552 2956 cf.
602 2883 820 2951 Hand.
869 2881 1146 2948 Tursell.
1195 2878 1297 2946 lv,
1347 2905 1411 2969 p.
1459 2881 1612 2964 344,
1684 2881 1794 2968 qui
1861 2880 1945 2946 de
1993 2882 2061 2947 vi
2129 2891 2195 2946 et
2256 2905 2379 2948 usu
2434 2884 2616 2950 vocis

469 3013 678 3060 nunc
755 2988 1114 3078 explicavit
1186 3012 1250 3076 p.
1299 2987 1483 3077 339),
1563 2995 1631 3051 et
1696 2986 2057 3056 molestiam
2130 2987 2355 3054 levant
2431 2990 2615 3057 verbi

471 3094 824 3166 canendi
889 3095 989 3162 bis
1050 3095 1247 3184 positi
1302 3119 1366 3162 v.
1414 3094 1521 3159 54.
1569 3095 1655 3160 56
1718 3104 1785 3160 et
1842 3095 1988 3183 ipsa
2041 3094 2423 3182 dignissima
2468 3106 2619 3162 sunt

473 3205 705 3288 static,
754 3202 931 3292 apud
979 3223 1171 3290 quern
1215 3200 1352 3288 legi
1395 3223 1616 3267 arma
1671 3201 1933 3266 invita
1976 3202 2307 3289 capessi
2378 3201 2615 3292 (Theb.

471 3312 583 3379 IX.
633 3311 782 3376 891.
831 3309 966 3375 vid.
1043 3305 1222 3394 Valg.
1272 3333 1337 3396 p.
1386 3307 1571 3397 404),
1642 3315 2026 3373 moestam
2072 3299 2366 3393 teneri,
2436 3331 2620 3397 pro-

473 3420 788 3506 piorem
834 3415 1140 3498 timeri,
1203 3414 1615 3500 ingentem
1666 3414 1959 3478 sent-iri
2009 3413 2246 3502 (Gron.
2287 3414 2504 3482 Diatr.
2554 3439 2616 3504 p.

483 3523 638 3614 168)
688 3532 755 3588 et
802 3543 969 3610 quae
1017 3543 1190 3586 nunc
1244 3528 1606 3608 praetereo,
1660 3519 1913 3584 dicetur
1948 3517 2138 3586 alias.
2231 3521 2354 3587 His
2402 3521 2620 3588 verbis

479 3638 697 3697 autem
736 3626 1073 3718 praeclare
1120 3635 1311 3715 atque
1345 3635 1495 3716 apte
1532 3624 1817 3694 describi
1848 3627 2131 3692 animum
2162 3636 2397 3716 poetae
2429 3627 2618 3694 simul

475 3745 543 3801 et
587 3736 785 3801 nimio
836 3733 1061 3800 dolore
1109 3734 1489 3821 impotentis
1549 3756 1629 3798 ac
1692 3733 2055 3799 deficientis
2103 3731 2195 3821 (v.
2242 3733 2330 3798 42
2377 3732 2505 3824 sq.)
2552 3744 2621 3800 et

475 3843 560 3908 ad
608 3841 766 3908 deos
811 3840 1206 3906 incusandos
1252 3841 1444 3929 proni
1488 3840 1948 3928 incitatique
1998 3837 2121 3928 (sic
2177 3840 2349 3904 enim
2403 3839 2517 3906 Sil.
2565 3840 2618 3912 Ι.

473 3947 638 4015 5593
709 3947 964 4014 clausos
1034 3955 1334 4013 acuunt
1381 3955 1680 4012 extrema
1723 3945 2019 4034 pericli.“
2073 3946 2230 4012 113:
2298 3945 2399 4011 his
2444 3947 2620 4012 acuit

473 4054 749 4122 stimulis
783 4055 865 4122 cf.
905 4050 975 4118 V.
1010 4054 1163 4120 227.
1202 4050 1374 4140 Virg.
1411 4053 1658 4140 Georg.
1694 4049 1805 4120 IV.
1840 4051 2001 4118 436:
2034 4051 2281 4142 lupos
2326 4074 2622 4134 acuunt

471 4161 796 4229 balatibus
828 4160 1001 4248 agni.
1035 4160 1202 4227 Stat.
1251 4160 1410 4228 silv.
1450 4157 1519 4224 V.
1554 4161 1615 4244 2,
1653 4159 1769 4227 253
1803 4158 2037 4225 lllum
2071 4181 2295 4224 omnes
2326 4171 2621 4226 acuunt

473 4268 762 4358 plausus.
856 4267 1196 4334 Claudian.
1246 4268 1322 4334 B.
1374 4266 1551 4334 Gild.
1587 4267 1751 4333 349:
1788 4268 2165 4355 juvenem
2212 4266 2489 4332 stimulis
2534 4305 2623 4318 -—

472 4376 681 4441 virtus
748 4373 1126 4441 Exacuit.
1211 4372 1550 4440 Columell.
1624 4373 1712 4438 X.
1803 4373 1962 4436 1053
2032 4395 2327 4462 quaeque
2398 4374 2621 4438 viros
