<?xml version="1.0" encoding="UTF-8"?>
<!DOCTYPE html PUBLIC "-//W3C//DTD XHTML 1.0 Transitional//EN"
    "http://www.w3.org/TR/xhtml1/DTD/xhtml1-transitional.dtd">
<html xmlns="http://www.w3.org/1999/xhtml" xml:lang="en" lang="en">
 <head>
  <title>
</title>
<meta http-equiv="Content-Type" content="text/html;charset=utf-8" />
  <meta name='ocr-system' content='tesseract 3.04.00' />
  <meta name='ocr-capabilities' content='ocr_page ocr_carea ocr_par ocr_line ocrx_word'/>
</head>
<body>
  <div class='ocr_page' id='page_1' title='image "./ppapiniistatiie00ungegoog_0197.png"; bbox 0 0 3234 4967; ppageno 0'>
   <div class='ocr_carea' id='block_1_1' title="bbox 1239 432 2544 499">
    <p class='ocr_par' dir='ltr' id='par_1_1' title="bbox 1239 432 2544 499">
     <span class='ocr_line' id='line_1_1' title="bbox 1239 432 2544 499; baseline 0 -14"><span class='ocrx_word' id='word_1_1' title='bbox 1239 432 1528 499; x_wconf 88' lang='lat' dir='ltr'><strong>Conject.</strong></span> <span class='ocrx_word' id='word_1_2' title='bbox 1567 432 1720 484; x_wconf 83' lang='lat' dir='ltr'><strong>vm.</strong></span> <span class='ocrx_word' id='word_1_3' title='bbox 2449 438 2544 487; x_wconf 84' lang='grc'><strong>189</strong></span> 
     </span>
    </p>
   </div>
   <div class='ocr_carea' id='block_1_2' title="bbox 408 606 2556 2337">
    <p class='ocr_par' dir='ltr' id='par_1_2' title="bbox 408 606 2550 1525">
     <span class='ocr_line' id='line_1_2' title="bbox 408 606 2545 673; baseline -0.001 -14"><span class='ocrx_word' id='word_1_4' title='bbox 408 616 512 659; x_wconf 87' lang='lat' dir='ltr'><strong>not.</strong></span> <span class='ocrx_word' id='word_1_5' title='bbox 534 608 711 673; x_wconf 82' lang='lat' dir='ltr'><strong>Eclog.</strong></span> <span class='ocrx_word' id='word_1_6' title='bbox 750 608 843 671; x_wconf 79' lang='lat'><strong>253</strong></span> <span class='ocrx_word' id='word_1_7' title='bbox 882 609 991 673; x_wconf 89' lang='lat' dir='ltr'><strong>quis</strong></span> <span class='ocrx_word' id='word_1_8' title='bbox 1030 606 1162 657; x_wconf 85' lang='lat' dir='ltr'><strong>enim</strong></span> <span class='ocrx_word' id='word_1_9' title='bbox 1198 620 1393 657; x_wconf 89' lang='lat' dir='ltr'><strong>memor</strong></span> <span class='ocrx_word' id='word_1_10' title='bbox 1428 608 1595 657; x_wconf 85' lang='lat' dir='ltr'><strong>adnot.</strong></span> <span class='ocrx_word' id='word_1_11' title='bbox 1633 622 1678 656; x_wconf 82' lang='lat' dir='ltr'><strong>v.</strong></span> <span class='ocrx_word' id='word_1_12' title='bbox 1699 608 1766 656; x_wconf 91' lang='grc'><strong>70</strong></span> <span class='ocrx_word' id='word_1_13' title='bbox 1794 606 1900 670; x_wconf 87' lang='lat' dir='ltr'><strong>jam</strong></span> <span class='ocrx_word' id='word_1_14' title='bbox 1939 606 2090 656; x_wconf 82' lang='lat' dir='ltr'><strong>malet</strong></span> <span class='ocrx_word' id='word_1_15' title='bbox 2127 606 2376 657; x_wconf 75' lang='lat' dir='ltr'>scriberet</span> <span class='ocrx_word' id='word_1_16' title='bbox 2411 606 2545 656; x_wconf 83' lang='lat' dir='ltr'><strong>vitae</strong></span> 
     </span>
     <span class='ocr_line' id='line_1_3' title="bbox 412 692 2542 757; baseline -0.001 -14"><span class='ocrx_word' id='word_1_17' title='bbox 412 696 557 743; x_wconf 84' lang='lat' dir='ltr'><strong>modo</strong></span> <span class='ocrx_word' id='word_1_18' title='bbox 596 694 862 744; x_wconf 86' lang='lat' dir='ltr'><strong>stamine</strong></span> <span class='ocrx_word' id='word_1_19' title='bbox 898 692 1160 757; x_wconf 79' lang='lat' dir='ltr'><strong>a‹lulto?)</strong></span> <span class='ocrx_word' id='word_1_20' title='bbox 1198 708 1291 742; x_wconf 89' lang='lat' dir='ltr'><strong>nec</strong></span> <span class='ocrx_word' id='word_1_21' title='bbox 1328 708 1501 742; x_wconf 84' lang='lat' dir='ltr'><strong>vocem</strong></span> <span class='ocrx_word' id='word_1_22' title='bbox 1538 694 1708 742; x_wconf 83' lang='lat' dir='ltr'><strong>vitae</strong></span> <span class='ocrx_word' id='word_1_23' title='bbox 1745 706 1806 742; x_wconf 88' lang='lat' dir='ltr'><strong>eo</strong></span> <span class='ocrx_word' id='word_1_24' title='bbox 1842 694 1991 742; x_wconf 88' lang='lat' dir='ltr'><strong>modo</strong></span> <span class='ocrx_word' id='word_1_25' title='bbox 2029 692 2241 753; x_wconf 81' lang='lat' dir='ltr'><strong>solvere,</strong></span> <span class='ocrx_word' id='word_1_26' title='bbox 2280 692 2423 755; x_wconf 88' lang='lat' dir='ltr'><strong>cujus</strong></span> <span class='ocrx_word' id='word_1_27' title='bbox 2452 694 2542 741; x_wconf 90' lang='lat' dir='ltr'><strong>do-</strong></span> 
     </span>
     <span class='ocr_line' id='line_1_4' title="bbox 410 773 2544 843; baseline 0.001 -16"><span class='ocrx_word' id='word_1_28' title='bbox 410 788 641 829; x_wconf 87' lang='lat' dir='ltr'><strong>cumento</strong></span> <span class='ocrx_word' id='word_1_29' title='bbox 678 788 753 829; x_wconf 86' lang='lat' dir='ltr'><strong>est</strong></span> <span class='ocrx_word' id='word_1_30' title='bbox 790 778 933 829; x_wconf 87' lang='lat' dir='ltr'><strong>Ovid.</strong></span> <span class='ocrx_word' id='word_1_31' title='bbox 974 780 1093 829; x_wconf 89' lang='lat' dir='ltr'><strong>Her.</strong></span> <span class='ocrx_word' id='word_1_32' title='bbox 1128 778 1277 827; x_wconf 77' lang='lat' dir='ltr'><strong>XVI.</strong></span> <span class='ocrx_word' id='word_1_33' title='bbox 1320 779 1438 828; x_wconf 81' lang='lat'>164:</span> <span class='ocrx_word' id='word_1_34' title='bbox 1488 774 1753 828; x_wconf 88' lang='lat' dir='ltr'><strong>Pollicita</strong></span> <span class='ocrx_word' id='word_1_35' title='bbox 1789 773 2067 828; x_wconf 83' lang='lat' dir='ltr'><strong>est&#39;nobis</strong></span> <span class='ocrx_word' id='word_1_36' title='bbox 2103 787 2261 842; x_wconf 87' lang='lat' dir='ltr'><strong>nupta</strong></span> <span class='ocrx_word' id='word_1_37' title='bbox 2300 794 2544 843; x_wconf 88' lang='lat' dir='ltr'><strong>sororque</strong></span> 
     </span>
     <span class='ocr_line' id='line_1_5' title="bbox 411 854 2548 929; baseline 0 -15"><span class='ocrx_word' id='word_1_38' title='bbox 411 865 584 917; x_wconf 80' lang='lat' dir='ltr'><strong>Jovis“</strong></span> <span class='ocrx_word' id='word_1_39' title='bbox 607 864 895 914; x_wconf 80' lang='lat' dir='ltr'><strong>Puteaneus</strong></span> <span class='ocrx_word' id='word_1_40' title='bbox 920 864 1075 913; x_wconf 67' lang='lat' dir='ltr'><strong>liberx</strong></span> <span class='ocrx_word' id='word_1_41' title='bbox 1112 864 1387 929; x_wconf 79' lang='lat' dir='ltr'>pollicitae</span> <span class='ocrx_word' id='word_1_42' title='bbox 1422 854 1595 913; x_wconf 84' lang='lat' dir='ltr'><strong>nobis“</strong></span> <span class='ocrx_word' id='word_1_43' title='bbox 1627 870 1678 912; x_wconf 92' lang='lat' dir='ltr'><strong>et</strong></span> <span class='ocrx_word' id='word_1_44' title='bbox 1701 863 1830 917; x_wconf 82' lang='lat' dir='ltr'><strong>Plin,</strong></span> <span class='ocrx_word' id='word_1_45' title='bbox 1869 862 1932 912; x_wconf 79' lang='lat' dir='ltr'><strong>N.</strong></span> <span class='ocrx_word' id='word_1_46' title='bbox 1970 864 2036 912; x_wconf 88' lang='grc' dir='ltr'><strong>Η.</strong></span> <span class='ocrx_word' id='word_1_47' title='bbox 2077 862 2177 913; x_wconf 88' lang='lat'><strong>111.</strong></span> <span class='ocrx_word' id='word_1_48' title='bbox 2215 866 2262 924; x_wconf 83' lang='lat'><strong>5,</strong></span> <span class='ocrx_word' id='word_1_49' title='bbox 2299 866 2331 913; x_wconf 85' lang='grc'>6</span> <span class='ocrx_word' id='word_1_50' title='bbox 2369 880 2420 929; x_wconf 84' lang='grc' dir='ltr'><strong>Ρ.</strong></span> <span class='ocrx_word' id='word_1_51' title='bbox 2447 867 2548 914; x_wconf 90' lang='grc'><strong>224</strong></span> 
     </span>
     <span class='ocr_line' id='line_1_6' title="bbox 411 948 2544 1013; baseline 0 -14"><span class='ocrx_word' id='word_1_52' title='bbox 411 951 793 999; x_wconf 85' lang='lat' dir='ltr'><strong>Riccardianus:</strong></span> <span class='ocrx_word' id='word_1_53' title='bbox 832 950 1154 1013; x_wconf 85' lang='lat' dir='ltr'><strong>temperiae.</strong></span> <span class='ocrx_word' id='word_1_54' title='bbox 1225 948 1537 998; x_wconf 85' lang='lat' dir='ltr'><strong>Toletanus:</strong></span> <span class='ocrx_word' id='word_1_55' title='bbox 1576 949 1842 1012; x_wconf 72' lang='lat' dir='ltr'><strong>temperie</strong></span> <span class='ocrx_word' id='word_1_56' title='bbox 1879 957 1976 997; x_wconf 84' lang='lat' dir='ltr'><strong>est</strong></span> <span class='ocrx_word' id='word_1_57' title='bbox 2019 960 2070 997; x_wconf 86' lang='lat' dir='ltr'><strong>et</strong></span> <span class='ocrx_word' id='word_1_58' title='bbox 2107 962 2234 1011; x_wconf 89' lang='lat' dir='ltr'><strong>quos</strong></span> <span class='ocrx_word' id='word_1_59' title='bbox 2279 949 2544 1000; x_wconf 82' lang='lat' dir='ltr'><strong>afferemus</strong></span> 
     </span>
     <span class='ocr_line' id='line_1_7' title="bbox 413 1033 2550 1099; baseline 0.001 -16"><span class='ocrx_word' id='word_1_60' title='bbox 413 1034 625 1085; x_wconf 84' lang='lat' dir='ltr'><strong>Emend.</strong></span> <span class='ocrx_word' id='word_1_61' title='bbox 652 1034 808 1099; x_wconf 88' lang='lat' dir='ltr'><strong>Prop.</strong></span> <span class='ocrx_word' id='word_1_62' title='bbox 835 1034 929 1084; x_wconf 85' lang='lat' dir='ltr'><strong>IV.</strong></span> <span class='ocrx_word' id='word_1_63' title='bbox 950 1036 996 1083; x_wconf 87' lang='lat'><strong>2.</strong></span> <span class='ocrx_word' id='word_1_64' title='bbox 1054 1034 1245 1083; x_wconf 85' lang='lat' dir='ltr'><strong>Lucan.</strong></span> <span class='ocrx_word' id='word_1_65' title='bbox 1282 1034 1377 1083; x_wconf 84' lang='lat' dir='ltr'><strong>IX.</strong></span> <span class='ocrx_word' id='word_1_66' title='bbox 1404 1034 1500 1083; x_wconf 90' lang='lat'><strong>411</strong></span> <span class='ocrx_word' id='word_1_67' title='bbox 1540 1033 1753 1099; x_wconf 86' lang='lat' dir='ltr'><strong>Libye,</strong></span> <span class='ocrx_word' id='word_1_68' title='bbox 1789 1033 1828 1083; x_wconf 88' lang='lat' dir='ltr'><strong>si</strong></span> <span class='ocrx_word' id='word_1_69' title='bbox 1866 1034 2074 1082; x_wconf 88' lang='lat' dir='ltr'><strong>credere</strong></span> <span class='ocrx_word' id='word_1_70' title='bbox 2111 1034 2277 1083; x_wconf 81' lang='lat' dir='ltr'><strong>famae</strong></span> <span class='ocrx_word' id='word_1_71' title='bbox 2319 1058 2378 1069; x_wconf 88' lang='lat'><strong>-——</strong></span> <span class='ocrx_word' id='word_1_72' title='bbox 2406 1035 2550 1087; x_wconf 77' lang='lat' dir='ltr'><strong>velis.</strong></span> 
     </span>
     <span class='ocr_line' id='line_1_8' title="bbox 413 1114 2545 1185; baseline 0 -18"><span class='ocrx_word' id='word_1_73' title='bbox 413 1119 552 1170; x_wconf 87' lang='lat' dir='ltr'><strong>Rott.</strong></span> <span class='ocrx_word' id='word_1_74' title='bbox 589 1136 664 1185; x_wconf 87' lang='lat' dir='ltr'><strong>pr.</strong></span> <span class='ocrx_word' id='word_1_75' title='bbox 704 1120 875 1185; x_wconf 84' lang='lat' dir='ltr'>Libye</span> <span class='ocrx_word' id='word_1_76' title='bbox 914 1128 1023 1171; x_wconf 86' lang='lat' dir='ltr'><strong>est.</strong></span> <span class='ocrx_word' id='word_1_77' title='bbox 1100 1120 1367 1170; x_wconf 86' lang='lat' dir='ltr'><strong>Postremo</strong></span> <span class='ocrx_word' id='word_1_78' title='bbox 1404 1134 1704 1185; x_wconf 85' lang='lat' dir='ltr'><strong>comparare</strong></span> <span class='ocrx_word' id='word_1_79' title='bbox 1741 1134 1846 1168; x_wconf 89' lang='lat' dir='ltr'><strong>non</strong></span> <span class='ocrx_word' id='word_1_80' title='bbox 1883 1114 2102 1167; x_wconf 85' lang='lat' dir='ltr'><strong>alienum</strong></span> <span class='ocrx_word' id='word_1_81' title='bbox 2143 1127 2220 1169; x_wconf 89' lang='lat' dir='ltr'><strong>cst</strong></span> <span class='ocrx_word' id='word_1_82' title='bbox 2259 1122 2545 1170; x_wconf 86' lang='lat' dir='ltr'><strong>Ausonium</strong></span> 
     </span>
     <span class='ocr_line' id='line_1_9' title="bbox 414 1194 2550 1309; baseline 0 -55"><span class='ocrx_word' id='word_1_83' title='bbox 414 1198 597 1269; x_wconf 69' lang='lat' dir='ltr'><strong>Epigr}</strong></span> <span class='ocrx_word' id='word_1_84' title='bbox 621 1204 775 1255; x_wconf 77' lang='lat' dir='ltr'><strong>·.&#39;Fast</strong></span> <span class='ocrx_word' id='word_1_85' title='bbox 806 1207 851 1264; x_wconf 85' lang='grc'>2,</span> <span class='ocrx_word' id='word_1_86' title='bbox 868 1194 919 1253; x_wconf 95' lang='grc'>2</span> <span class='ocrx_word' id='word_1_87' title='bbox 956 1221 1003 1309; x_wconf 98' lang='grc' dir='ltr'>Ρ</span> <span class='ocrx_word' id='word_1_88' title='bbox 1042 1206 1135 1255; x_wconf 76' lang='lat'><strong>92:</strong></span> <span class='ocrx_word' id='word_1_89' title='bbox 1189 1200 1443 1307; x_wconf 76' lang='lat' dir='ltr'><strong>Undecies</strong></span> <span class='ocrx_word' id='word_1_90' title='bbox 1496 1216 1752 1266; x_wconf 89' lang='lat' dir='ltr'><strong>unumque</strong></span> <span class='ocrx_word' id='word_1_91' title='bbox 1797 1201 2034 1270; x_wconf 83' lang='lat' dir='ltr'><strong>(anuum)</strong></span> <span class='ocrx_word' id='word_1_92' title='bbox 2092 1218 2244 1269; x_wconf 85' lang='lat' dir='ltr'><strong>super</strong></span> <span class='ocrx_word' id='word_1_93' title='bbox 2290 1206 2550 1308; x_wconf 75' lang='lat' dir='ltr'><strong>trieterida</strong></span> 
     </span>
     <span class='ocr_line' id='line_1_10' title="bbox 414 1286 1411 1341; baseline 0.001 -3"><span class='ocrx_word' id='word_1_94' title='bbox 414 1286 655 1341; x_wconf 39' lang='lat' dir='ltr'><strong>necte&amp;</strong></span> <span class='ocrx_word' id='word_1_95' title='bbox 708 1308 713 1320; x_wconf 69' lang='grc'>’</span> <span class='ocrx_word' id='word_1_96' title='bbox 940 1302 946 1321; x_wconf 87' lang='grc'><em>·</em></span> <span class='ocrx_word' id='word_1_97' title='bbox 1160 1312 1163 1319; x_wconf 90' lang='grc'>·</span> <span class='ocrx_word' id='word_1_98' title='bbox 1406 1312 1411 1315; x_wconf 94' lang='grc'><em>·</em></span> 
     </span>
     <span class='ocr_line' id='line_1_11' title="bbox 551 1372 2496 1438; baseline 0 -13"><span class='ocrx_word' id='word_1_99' title='bbox 551 1375 661 1425; x_wconf 84' lang='lat' dir='ltr'><strong>Nec</strong></span> <span class='ocrx_word' id='word_1_100' title='bbox 698 1376 941 1425; x_wconf 73' lang='lat' dir='ltr'><strong>curiosius</strong></span> <span class='ocrx_word' id='word_1_101' title='bbox 974 1377 1108 1425; x_wconf 86' lang='lat' dir='ltr'><strong>idem</strong></span> <span class='ocrx_word' id='word_1_102' title='bbox 1148 1374 1408 1437; x_wconf 83' lang='lat' dir='ltr'><strong>Queckius</strong></span> <span class='ocrx_word' id='word_1_103' title='bbox 1446 1374 1696 1438; x_wconf 84' lang='lat' dir='ltr'><strong>quaesivit</strong></span> <span class='ocrx_word' id='word_1_104' title='bbox 1731 1375 1794 1423; x_wconf 88' lang='lat' dir='ltr'><strong>de</strong></span> <span class='ocrx_word' id='word_1_105' title='bbox 1833 1374 1958 1425; x_wconf 80' lang='lat' dir='ltr'><strong>silv.</strong></span> <span class='ocrx_word' id='word_1_106' title='bbox 1995 1372 2091 1426; x_wconf 90' lang='lat' dir='ltr'><strong>IV.</strong></span> <span class='ocrx_word' id='word_1_107' title='bbox 2131 1378 2178 1437; x_wconf 89' lang='grc'><strong>8,</strong></span> <span class='ocrx_word' id='word_1_108' title='bbox 2214 1378 2310 1425; x_wconf 83' lang='lat'><strong>40.-</strong></span> <span class='ocrx_word' id='word_1_109' title='bbox 2373 1386 2496 1420; x_wconf 62' lang='grc'><strong>--»</strong></span> 
     </span>
     <span class='ocr_line' id='line_1_12' title="bbox 756 1452 1605 1525; baseline -0.005 -13"><span class='ocrx_word' id='word_1_110' title='bbox 756 1452 761 1455; x_wconf 57' lang='grc'><strong>’</strong></span> <span class='ocrx_word' id='word_1_111' title='bbox 830 1462 899 1512; x_wconf 90' lang='lat' dir='ltr'><strong>Et</strong></span> <span class='ocrx_word' id='word_1_112' title='bbox 934 1472 1122 1512; x_wconf 85' lang='lat' dir='ltr'><strong>cantu</strong></span> <span class='ocrx_word' id='word_1_113' title='bbox 1159 1463 1421 1525; x_wconf 86' lang='lat' dir='ltr'><strong>signare</strong></span> <span class='ocrx_word' id='word_1_114' title='bbox 1460 1461 1605 1521; x_wconf 90' lang='lat' dir='ltr'><strong>diem,</strong></span> 
     </span>
    </p>

    <p class='ocr_par' dir='ltr' id='par_1_3' title="bbox 420 1534 2556 2297">
     <span class='ocr_line' id='line_1_13' title="bbox 420 1534 2551 1613; baseline 0.001 -16"><span class='ocrx_word' id='word_1_115' title='bbox 420 1550 505 1597; x_wconf 87' lang='lat' dir='ltr'><strong>ubi</strong></span> <span class='ocrx_word' id='word_1_116' title='bbox 544 1548 629 1613; x_wconf 90' lang='lat' dir='ltr'><strong>qui</strong></span> <span class='ocrx_word' id='word_1_117' title='bbox 666 1538 1092 1597; x_wconf 65' lang='lat' dir='ltr'><strong>cretae&#39;l&#39;dcum</strong></span> <span class='ocrx_word' id='word_1_118' title='bbox 1129 1540 1375 1607; x_wconf 50' lang='lat' dir='ltr'><strong>lecerunt,</strong></span> <span class='ocrx_word' id='word_1_119' title='bbox 1410 1561 1497 1595; x_wconf 86' lang='lat' dir='ltr'><strong>eos</strong></span> <span class='ocrx_word' id='word_1_120' title='bbox 1534 1546 1750 1595; x_wconf 87' lang='lat' dir='ltr'><strong>celerius</strong></span> <span class='ocrx_word' id='word_1_121' title='bbox 1779 1546 2036 1609; x_wconf 86' lang='lat' dir='ltr'><strong>judicasse</strong></span> <span class='ocrx_word' id='word_1_122' title='bbox 2075 1562 2190 1597; x_wconf 88' lang='lat' dir='ltr'><strong>vere</strong></span> <span class='ocrx_word' id='word_1_123' title='bbox 2227 1536 2406 1597; x_wconf 77' lang='lat' dir='ltr'><strong>docuit</strong></span> <span class='ocrx_word' id='word_1_124' title='bbox 2437 1534 2551 1599; x_wconf 75' lang='lat' dir='ltr'><strong>cum</strong></span> 
     </span>
     <span class='ocr_line' id='line_1_14' title="bbox 424 1630 2554 1698; baseline 0 -15"><span class='ocrx_word' id='word_1_125' title='bbox 424 1634 663 1684; x_wconf 86' lang='lat' dir='ltr'><strong>omnibus</strong></span> <span class='ocrx_word' id='word_1_126' title='bbox 718 1642 822 1683; x_wconf 90' lang='lat' dir='ltr'><strong>tum</strong></span> <span class='ocrx_word' id='word_1_127' title='bbox 877 1630 1281 1683; x_wconf 81' lang='lat' dir='ltr'><strong>Mitscherlichio</strong></span> <span class='ocrx_word' id='word_1_128' title='bbox 1332 1632 1454 1681; x_wconf 88' lang='lat' dir='ltr'><strong>Hor.</strong></span> <span class='ocrx_word' id='word_1_129' title='bbox 1506 1631 1673 1685; x_wconf 85' lang='lat' dir='ltr'><strong>Carm.</strong></span> <span class='ocrx_word' id='word_1_130' title='bbox 1710 1630 1750 1685; x_wconf 83' lang='grc' dir='ltr'><strong>Ι.</strong></span> <span class='ocrx_word' id='word_1_131' title='bbox 1791 1632 1870 1691; x_wconf 88' lang='grc'><strong>36,</strong></span> <span class='ocrx_word' id='word_1_132' title='bbox 1922 1635 1983 1682; x_wconf 89' lang='grc'><strong>10</strong></span> <span class='ocrx_word' id='word_1_133' title='bbox 2031 1649 2081 1697; x_wconf 88' lang='lat' dir='ltr'><strong>p.</strong></span> <span class='ocrx_word' id='word_1_134' title='bbox 2119 1635 2218 1683; x_wconf 81' lang='grc'><strong>329</strong></span> <span class='ocrx_word' id='word_1_135' title='bbox 2265 1634 2554 1698; x_wconf 85' lang='lat' dir='ltr'><strong>incognitus</strong></span> 
     </span>
     <span class='ocr_line' id='line_1_15' title="bbox 422 1718 2555 1782; baseline 0 -14"><span class='ocrx_word' id='word_1_136' title='bbox 422 1720 741 1771; x_wconf 82' lang='lat' dir='ltr'><strong>Burmannus</strong></span> <span class='ocrx_word' id='word_1_137' title='bbox 780 1722 971 1771; x_wconf 83' lang='lat' dir='ltr'><strong>Lucan.</strong></span> <span class='ocrx_word' id='word_1_138' title='bbox 1010 1719 1077 1769; x_wconf 90' lang='lat' dir='ltr'><strong>V.</strong></span> <span class='ocrx_word' id='word_1_139' title='bbox 1114 1720 1216 1769; x_wconf 88' lang='lat'><strong>390</strong></span> <span class='ocrx_word' id='word_1_140' title='bbox 1252 1734 1297 1782; x_wconf 88' lang='lat' dir='ltr'><strong>p.</strong></span> <span class='ocrx_word' id='word_1_141' title='bbox 1338 1718 1438 1767; x_wconf 83' lang='lat'><strong>334</strong></span> <span class='ocrx_word' id='word_1_142' title='bbox 1457 1732 1547 1780; x_wconf 85' lang='lat' dir='ltr'><strong>sq.,</strong></span> <span class='ocrx_word' id='word_1_143' title='bbox 1594 1726 1818 1767; x_wconf 86' lang='lat' dir='ltr'><strong>ceterum</strong></span> <span class='ocrx_word' id='word_1_144' title='bbox 1855 1719 1963 1781; x_wconf 89' lang='lat' dir='ltr'><strong>ipse</strong></span> <span class='ocrx_word' id='word_1_145' title='bbox 1998 1720 2259 1768; x_wconf 88' lang='lat' dir='ltr'><strong>immemor</strong></span> <span class='ocrx_word' id='word_1_146' title='bbox 2295 1720 2416 1773; x_wconf 83' lang='lat' dir='ltr'><strong>Silv.</strong></span> <span class='ocrx_word' id='word_1_147' title='bbox 2463 1719 2555 1770; x_wconf 80' lang='grc' dir='ltr'><strong>ΙΙΙ.</strong></span> 
     </span>
     <span class='ocr_line' id='line_1_16' title="bbox 425 1802 2553 1871; baseline -0 -15"><span class='ocrx_word' id='word_1_148' title='bbox 425 1810 469 1869; x_wconf 89' lang='grc'><strong>1,</strong></span> <span class='ocrx_word' id='word_1_149' title='bbox 508 1807 572 1856; x_wconf 89' lang='grc'><strong>86</strong></span> <span class='ocrx_word' id='word_1_150' title='bbox 594 1822 668 1871; x_wconf 89' lang='lat' dir='ltr'><strong>sq.</strong></span> <span class='ocrx_word' id='word_1_151' title='bbox 708 1820 999 1871; x_wconf 88' lang='lat' dir='ltr'><strong>eorumque,</strong></span> <span class='ocrx_word' id='word_1_152' title='bbox 1037 1805 1122 1869; x_wconf 91' lang='lat' dir='ltr'><strong>qui</strong></span> <span class='ocrx_word' id='word_1_153' title='bbox 1160 1805 1222 1852; x_wconf 92' lang='lat' dir='ltr'><strong>de</strong></span> <span class='ocrx_word' id='word_1_154' title='bbox 1260 1804 1397 1853; x_wconf 88' lang='lat' dir='ltr'><strong>vocis</strong></span> <span class='ocrx_word' id='word_1_155' title='bbox 1434 1809 1660 1851; x_wconf 83' lang='lat' dir='ltr'><strong>coetus</strong></span> <span class='ocrx_word' id='word_1_156' title='bbox 1699 1802 1856 1865; x_wconf 88' lang='lat' dir='ltr'><strong>(hanc</strong></span> <span class='ocrx_word' id='word_1_157' title='bbox 1893 1804 2024 1853; x_wconf 90' lang='lat' dir='ltr'><strong>enim</strong></span> <span class='ocrx_word' id='word_1_158' title='bbox 2063 1804 2443 1868; x_wconf 74' lang='lat' dir='ltr'><strong>praeferendam</strong></span> <span class='ocrx_word' id='word_1_159' title='bbox 2474 1822 2553 1855; x_wconf 85' lang='lat' dir='ltr'><strong>ar-</strong></span> 
     </span>
     <span class='ocr_line' id='line_1_17' title="bbox 423 1887 2553 1954; baseline 0.001 -14"><span class='ocrx_word' id='word_1_160' title='bbox 423 1890 691 1953; x_wconf 84' lang='lat' dir='ltr'><strong>bitramur)</strong></span> <span class='ocrx_word' id='word_1_161' title='bbox 728 1908 825 1940; x_wconf 89' lang='lat' dir='ltr'><strong>usu</strong></span> <span class='ocrx_word' id='word_1_162' title='bbox 860 1898 909 1939; x_wconf 90' lang='lat' dir='ltr'><strong>et</strong></span> <span class='ocrx_word' id='word_1_163' title='bbox 944 1890 991 1940; x_wconf 81' lang='lat' dir='ltr'><strong>vi</strong></span> <span class='ocrx_word' id='word_1_164' title='bbox 1018 1890 1352 1954; x_wconf 77' lang='lat' dir='ltr'><strong>explicarunt,</strong></span> <span class='ocrx_word' id='word_1_165' title='bbox 1391 1889 1588 1937; x_wconf 85' lang='lat' dir='ltr'><strong>Barthii</strong></span> <span class='ocrx_word' id='word_1_166' title='bbox 1614 1887 1779 1940; x_wconf 80' lang='lat' dir='ltr'><strong>Theb.</strong></span> <span class='ocrx_word' id='word_1_167' title='bbox 1803 1887 1900 1939; x_wconf 84' lang='lat' dir='ltr'><strong>XI.</strong></span> <span class='ocrx_word' id='word_1_168' title='bbox 1927 1890 2024 1939; x_wconf 87' lang='grc'>729</span> <span class='ocrx_word' id='word_1_169' title='bbox 2051 1906 2098 1954; x_wconf 89' lang='grc' dir='ltr'><strong>Ρ.</strong></span> <span class='ocrx_word' id='word_1_170' title='bbox 2129 1892 2260 1939; x_wconf 88' lang='grc'>1422</span> <span class='ocrx_word' id='word_1_171' title='bbox 2287 1898 2336 1939; x_wconf 87' lang='lat' dir='ltr'><strong>ct</strong></span> <span class='ocrx_word' id='word_1_172' title='bbox 2362 1892 2553 1945; x_wconf 82' lang='lat' dir='ltr'><strong>Achill.</strong></span> 
     </span>
     <span class='ocr_line' id='line_1_18' title="bbox 424 1974 2554 2059; baseline 0 -34"><span class='ocrx_word' id='word_1_173' title='bbox 424 1976 465 2026; x_wconf 91' lang='grc' dir='ltr'><strong>Ι.</strong></span> <span class='ocrx_word' id='word_1_174' title='bbox 501 1978 603 2059; x_wconf 81' lang='grc'><strong>454</strong></span> <span class='ocrx_word' id='word_1_175' title='bbox 638 1992 686 2042; x_wconf 91' lang='lat' dir='ltr'><strong>p.</strong></span> <span class='ocrx_word' id='word_1_176' title='bbox 730 1978 859 2027; x_wconf 86' lang='grc'><strong>1677</strong></span> <span class='ocrx_word' id='word_1_177' title='bbox 898 1984 948 2027; x_wconf 89' lang='lat' dir='ltr'><strong>et</strong></span> <span class='ocrx_word' id='word_1_178' title='bbox 981 1975 1271 2025; x_wconf 85' lang='lat' dir='ltr'><strong>Marklandi</strong></span> <span class='ocrx_word' id='word_1_179' title='bbox 1308 1974 1375 2024; x_wconf 89' lang='lat' dir='ltr'><strong>V.</strong></span> <span class='ocrx_word' id='word_1_180' title='bbox 1414 1976 1460 2033; x_wconf 88' lang='grc'>2,</span> <span class='ocrx_word' id='word_1_181' title='bbox 1500 1974 1597 2026; x_wconf 85' lang='grc'><strong>160</strong></span> <span class='ocrx_word' id='word_1_182' title='bbox 1633 1990 1680 2038; x_wconf 83' lang='grc' dir='ltr'><strong>Ρ.</strong></span> <span class='ocrx_word' id='word_1_183' title='bbox 1709 1974 1821 2026; x_wconf 86' lang='grc'>372.</span> <span class='ocrx_word' id='word_1_184' title='bbox 1877 1976 1946 2025; x_wconf 80' lang='lat' dir='ltr'><strong>Et</strong></span> <span class='ocrx_word' id='word_1_185' title='bbox 1980 1976 2298 2025; x_wconf 81' lang='lat' dir='ltr'><strong>Burmannus</strong></span> <span class='ocrx_word' id='word_1_186' title='bbox 2336 1978 2554 2039; x_wconf 88' lang='lat' dir='ltr'><strong>quidem,</strong></span> 
     </span>
     <span class='ocr_line' id='line_1_19' title="bbox 426 2053 2556 2128; baseline -0 -16"><span class='ocrx_word' id='word_1_187' title='bbox 426 2053 576 2128; x_wconf 78' lang='lat' dir='ltr'><strong>quam</strong></span> <span class='ocrx_word' id='word_1_188' title='bbox 616 2063 796 2113; x_wconf 81' lang='lat' dir='ltr'><strong>leviter</strong></span> <span class='ocrx_word' id='word_1_189' title='bbox 840 2061 1178 2112; x_wconf 86' lang='lat' dir='ltr'><strong>Marklandus</strong></span> <span class='ocrx_word' id='word_1_190' title='bbox 1215 2061 1265 2109; x_wconf 90' lang='lat' dir='ltr'><strong>in</strong></span> <span class='ocrx_word' id='word_1_191' title='bbox 1304 2060 1612 2123; x_wconf 68' lang='lat' dir='ltr'><strong>colligendis</strong></span> <span class='ocrx_word' id='word_1_192' title='bbox 1651 2056 1802 2110; x_wconf 89' lang='lat' dir='ltr'><strong>Statii</strong></span> <span class='ocrx_word' id='word_1_193' title='bbox 1847 2060 2154 2111; x_wconf 81' lang='lat' dir='ltr'><strong>carminibus</strong></span> <span class='ocrx_word' id='word_1_194' title='bbox 2203 2071 2431 2111; x_wconf 84' lang='lat' dir='ltr'><strong>versatus</strong></span> <span class='ocrx_word' id='word_1_195' title='bbox 2476 2063 2556 2122; x_wconf 89' lang='lat' dir='ltr'><strong>sit,</strong></span> 
     </span>
     <span class='ocr_line' id='line_1_20' title="bbox 428 2145 2556 2212; baseline 0 -15"><span class='ocrx_word' id='word_1_196' title='bbox 428 2162 539 2197; x_wconf 86' lang='lat' dir='ltr'><strong>cum</strong></span> <span class='ocrx_word' id='word_1_197' title='bbox 577 2148 697 2197; x_wconf 87' lang='lat' dir='ltr'><strong>alibi</strong></span> <span class='ocrx_word' id='word_1_198' title='bbox 739 2148 999 2197; x_wconf 84' lang='lat' dir='ltr'><strong>admonuit</strong></span> <span class='ocrx_word' id='word_1_199' title='bbox 1044 2155 1151 2195; x_wconf 87' lang='lat' dir='ltr'><strong>tum</strong></span> <span class='ocrx_word' id='word_1_200' title='bbox 1200 2146 1391 2196; x_wconf 78' lang='lat' dir='ltr'><strong>Lucan.</strong></span> <span class='ocrx_word' id='word_1_201' title='bbox 1430 2145 1495 2195; x_wconf 88' lang='lat' dir='ltr'><strong>V.</strong></span> <span class='ocrx_word' id='word_1_202' title='bbox 1533 2146 1635 2196; x_wconf 85' lang='grc'><strong>426</strong></span> <span class='ocrx_word' id='word_1_203' title='bbox 1669 2162 1719 2210; x_wconf 88' lang='grc' dir='ltr'><strong>Ρ.</strong></span> <span class='ocrx_word' id='word_1_204' title='bbox 1741 2146 1840 2196; x_wconf 85' lang='grc'><strong>340</strong></span> <span class='ocrx_word' id='word_1_205' title='bbox 1877 2154 1928 2195; x_wconf 89' lang='lat' dir='ltr'><strong>et</strong></span> <span class='ocrx_word' id='word_1_206' title='bbox 1963 2147 2062 2196; x_wconf 86' lang='grc'><strong>392</strong></span> <span class='ocrx_word' id='word_1_207' title='bbox 2097 2164 2146 2212; x_wconf 88' lang='grc' dir='ltr'><strong>Ρ.</strong></span> <span class='ocrx_word' id='word_1_208' title='bbox 2183 2148 2308 2209; x_wconf 83' lang='grc'>335,</span> <span class='ocrx_word' id='word_1_209' title='bbox 2357 2148 2441 2197; x_wconf 87' lang='lat' dir='ltr'><strong>ubi</strong></span> <span class='ocrx_word' id='word_1_210' title='bbox 2479 2149 2556 2209; x_wconf 89' lang='lat' dir='ltr'><strong>iis,</strong></span> 
     </span>
     <span class='ocr_line' id='line_1_21' title="bbox 430 2220 967 2337; baseline -0.002 -54"><span class='ocrx_word' id='word_1_211' title='bbox 430 2234 514 2337; x_wconf 83' lang='lat' dir='ltr'><strong>qui</strong></span> <span class='ocrx_word' id='word_1_212' title='bbox 550 2232 671 2285; x_wconf 80' lang='lat' dir='ltr'><strong>silv</strong></span> <span class='ocrx_word' id='word_1_213' title='bbox 710 2234 751 2292; x_wconf 95' lang='grc' dir='ltr'><strong>Ι,</strong></span> <span class='ocrx_word' id='word_1_214' title='bbox 794 2220 837 2293; x_wconf 82' lang='lat' dir='ltr'><strong>l,</strong></span> <span class='ocrx_word' id='word_1_215' title='bbox 874 2233 967 2283; x_wconf 82' lang='lat'><strong>65:</strong></span> 
     </span>
    </p>
   </div>
   <div class='ocr_carea' id='block_1_3' title="bbox 433 2317 2556 2467">
    <p class='ocr_par' dir='ltr' id='par_1_4' title="bbox 433 2317 2556 2467">
     <span class='ocr_line' id='line_1_22' title="bbox 732 2317 2251 2383; baseline -0.001 -15"><span class='ocrx_word' id='word_1_216' title='bbox 732 2320 783 2368; x_wconf 87' lang='lat' dir='ltr'><strong>It</strong></span> <span class='ocrx_word' id='word_1_217' title='bbox 816 2317 990 2381; x_wconf 82' lang='lat' dir='ltr'><strong>fragor</strong></span> <span class='ocrx_word' id='word_1_218' title='bbox 1024 2325 1075 2365; x_wconf 86' lang='lat' dir='ltr'><strong>et</strong></span> <span class='ocrx_word' id='word_1_219' title='bbox 1110 2330 1325 2381; x_wconf 82' lang='lat' dir='ltr'><strong>magnae</strong></span> <span class='ocrx_word' id='word_1_220' title='bbox 1362 2317 1558 2381; x_wconf 77' lang='lat' dir='ltr'><strong>fingit</strong></span> <span class='ocrx_word' id='word_1_221' title='bbox 1598 2332 1731 2383; x_wconf 79' lang='lat' dir='ltr'><strong>vaga</strong></span> <span class='ocrx_word' id='word_1_222' title='bbox 1765 2332 2022 2367; x_wconf 86' lang='lat' dir='ltr'><strong>murmura</strong></span> <span class='ocrx_word' id='word_1_223' title='bbox 2056 2319 2251 2368; x_wconf 85' lang='lat' dir='ltr'><strong>Romae</strong></span> 
     </span>
     <span class='ocr_line' id='line_1_23' title="bbox 433 2400 2556 2467; baseline 0 -14"><span class='ocrx_word' id='word_1_224' title='bbox 433 2404 661 2454; x_wconf 74' lang='lat' dir='ltr'><strong>codicum</strong></span> <span class='ocrx_word' id='word_1_225' title='bbox 716 2414 1013 2454; x_wconf 82' lang='lat' dir='ltr'><strong>consensum</strong></span> <span class='ocrx_word' id='word_1_226' title='bbox 1068 2409 1507 2467; x_wconf 82' lang='lat' dir='ltr'><strong>contempserunt,</strong></span> <span class='ocrx_word' id='word_1_227' title='bbox 1568 2402 1703 2453; x_wconf 82' lang='lat' dir='ltr'><strong>hanc</strong></span> <span class='ocrx_word' id='word_1_228' title='bbox 1757 2404 2050 2453; x_wconf 88' lang='lat' dir='ltr'><strong>commodat</strong></span> <span class='ocrx_word' id='word_1_229' title='bbox 2102 2400 2556 2455; x_wconf 83' lang='lat' dir='ltr'><strong>animadversionis</strong></span> 
     </span>
    </p>
   </div>
   <div class='ocr_carea' id='block_1_4' title="bbox 422 2488 2586 4592">
    <p class='ocr_par' dir='ltr' id='par_1_5' title="bbox 422 2488 2586 4592">
     <span class='ocr_line' id='line_1_24' title="bbox 430 2488 2553 2556; baseline 0 -17"><span class='ocrx_word' id='word_1_230' title='bbox 430 2490 774 2540; x_wconf 71' lang='lat' dir='ltr'><strong>severitatem:</strong></span> <span class='ocrx_word' id='word_1_231' title='bbox 812 2488 971 2553; x_wconf 82' lang='lat' dir='ltr'><strong>„Quis</strong></span> <span class='ocrx_word' id='word_1_232' title='bbox 1008 2490 1239 2539; x_wconf 85' lang='lat' dir='ltr'><strong>librarius</strong></span> <span class='ocrx_word' id='word_1_233' title='bbox 1276 2490 1317 2538; x_wconf 82' lang='lat' dir='ltr'><strong>si</strong></span> <span class='ocrx_word' id='word_1_234' title='bbox 1354 2489 1556 2538; x_wconf 82' lang='lat' dir='ltr'><strong>vincit</strong></span> <span class='ocrx_word' id='word_1_235' title='bbox 1590 2490 1892 2549; x_wconf 82' lang='lat' dir='ltr'><strong>invenisset,</strong></span> <span class='ocrx_word' id='word_1_236' title='bbox 1929 2490 2048 2537; x_wconf 89' lang='lat' dir='ltr'><strong>inde</strong></span> <span class='ocrx_word' id='word_1_237' title='bbox 2085 2488 2290 2539; x_wconf 76' lang='lat' dir='ltr'><strong>fecisset</strong></span> <span class='ocrx_word' id='word_1_238' title='bbox 2325 2488 2553 2556; x_wconf 78' lang='lat' dir='ltr'><strong>fingit,</strong></span> 
     </span>
     <span class='ocr_line' id='line_1_25' title="bbox 433 2562 2558 2640; baseline 0.001 -16"><span class='ocrx_word' id='word_1_239' title='bbox 433 2577 568 2640; x_wconf 88' lang='lat' dir='ltr'><strong>quod</strong></span> <span class='ocrx_word' id='word_1_240' title='bbox 605 2575 950 2625; x_wconf 83' lang='lat' dir='ltr'><strong>reconditioris</strong></span> <span class='ocrx_word' id='word_1_241' title='bbox 989 2582 1099 2623; x_wconf 82' lang='lat' dir='ltr'><strong>erat</strong></span> <span class='ocrx_word' id='word_1_242' title='bbox 1134 2588 1315 2624; x_wconf 88' lang='lat' dir='ltr'><strong>sensus</strong></span> <span class='ocrx_word' id='word_1_243' title='bbox 1348 2590 1441 2639; x_wconf 87' lang='lat' dir='ltr'><strong>pro</strong></span> <span class='ocrx_word' id='word_1_244' title='bbox 1478 2582 1630 2639; x_wconf 86' lang='lat' dir='ltr'><strong>captu</strong></span> <span class='ocrx_word' id='word_1_245' title='bbox 1667 2562 2010 2626; x_wconf 74' lang='lat' dir='ltr'><strong>scribarum?“</strong></span> <span class='ocrx_word' id='word_1_246' title='bbox 2067 2574 2266 2626; x_wconf 83' lang='lat' dir='ltr'><strong>Fefellit</strong></span> <span class='ocrx_word' id='word_1_247' title='bbox 2301 2577 2398 2624; x_wconf 88' lang='lat' dir='ltr'><strong>hoc</strong></span> <span class='ocrx_word' id='word_1_248' title='bbox 2447 2592 2558 2626; x_wconf 85' lang='lat' dir='ltr'><strong>cum</strong></span> 
     </span>
     <span class='ocr_line' id='line_1_26' title="bbox 432 2646 2558 2725; baseline 0.001 -17"><span class='ocrx_word' id='word_1_249' title='bbox 432 2660 557 2711; x_wconf 85' lang='lat' dir='ltr'><strong>alios</strong></span> <span class='ocrx_word' id='word_1_250' title='bbox 593 2668 697 2709; x_wconf 85' lang='lat' dir='ltr'><strong>tum</strong></span> <span class='ocrx_word' id='word_1_251' title='bbox 736 2658 1036 2721; x_wconf 85' lang='lat' dir='ltr'><strong>Queckium.</strong></span> <span class='ocrx_word' id='word_1_252' title='bbox 1110 2646 1209 2720; x_wconf 79' lang='lat' dir='ltr'><strong>Qui</strong></span> <span class='ocrx_word' id='word_1_253' title='bbox 1250 2660 1450 2725; x_wconf 86' lang='lat' dir='ltr'><strong>quidem</strong></span> <span class='ocrx_word' id='word_1_254' title='bbox 1489 2676 1589 2724; x_wconf 85' lang='lat' dir='ltr'><strong>qua</strong></span> <span class='ocrx_word' id='word_1_255' title='bbox 1625 2668 1733 2710; x_wconf 87' lang='lat' dir='ltr'><strong>arte</strong></span> <span class='ocrx_word' id='word_1_256' title='bbox 1770 2660 2106 2711; x_wconf 84' lang='lat' dir='ltr'><strong>molestiorem</strong></span> <span class='ocrx_word' id='word_1_257' title='bbox 2144 2677 2315 2711; x_wconf 84' lang='lat' dir='ltr'><strong>verum</strong></span> <span class='ocrx_word' id='word_1_258' title='bbox 2353 2664 2558 2713; x_wconf 84' lang='lat' dir='ltr'><strong>eruendi</strong></span> 
     </span>
     <span class='ocr_line' id='line_1_27' title="bbox 432 2734 2559 2817; baseline 0.004 -26"><span class='ocrx_word' id='word_1_259' title='bbox 432 2746 657 2797; x_wconf 76' lang='lat' dir='ltr'><strong>laborem</strong></span> <span class='ocrx_word' id='word_1_260' title='bbox 694 2746 979 2811; x_wconf 73' lang='lat' dir='ltr'><strong>praecidat,</strong></span> <span class='ocrx_word' id='word_1_261' title='bbox 1035 2746 1195 2795; x_wconf 84' lang='lat' dir='ltr'><strong>altero</strong></span> <span class='ocrx_word' id='word_1_262' title='bbox 1232 2742 1321 2809; x_wconf 82' lang='lat' dir='ltr'><strong>(cf.</strong></span> <span class='ocrx_word' id='word_1_263' title='bbox 1346 2734 1587 2809; x_wconf 28' lang='lat' dir='ltr'><strong>*Conjecn</strong></span> <span class='ocrx_word' id='word_1_264' title='bbox 1627 2744 1728 2810; x_wconf 89' lang='lat'><em>111)</em></span> <span class='ocrx_word' id='word_1_265' title='bbox 1769 2746 1868 2796; x_wconf 88' lang='lat' dir='ltr'><strong>hoc</strong></span> <span class='ocrx_word' id='word_1_266' title='bbox 1923 2748 2160 2813; x_wconf 83' lang='lat' dir='ltr'><strong>exemplo</strong></span> <span class='ocrx_word' id='word_1_267' title='bbox 2208 2748 2559 2817; x_wconf 74' lang='lat' dir='ltr'><strong>cognoscatur.</strong></span> 
     </span>
     <span class='ocr_line' id='line_1_28' title="bbox 422 2825 1309 2905; baseline -0.002 -24"><span class='ocrx_word' id='word_1_268' title='bbox 422 2830 665 2896; x_wconf 70' lang='lat' dir='ltr'><strong>‘Namque</strong></span> <span class='ocrx_word' id='word_1_269' title='bbox 700 2832 787 2881; x_wconf 88' lang='lat' dir='ltr'><strong>ille</strong></span> <span class='ocrx_word' id='word_1_270' title='bbox 822 2832 886 2881; x_wconf 87' lang='lat' dir='ltr'><strong>de</strong></span> <span class='ocrx_word' id='word_1_271' title='bbox 922 2825 1309 2905; x_wconf 51' lang='lat' dir='ltr'><strong>Silv,·1..‚fi,„.ss:</strong></span> 
     </span>
     <span class='ocr_line' id='line_1_29' title="bbox 1132 2916 1782 2967; baseline 0.002 -1"><span class='ocrx_word' id='word_1_272' title='bbox 1132 2939 1141 2949; x_wconf 86' lang='lat'><em>·</em></span> <span class='ocrx_word' id='word_1_273' title='bbox 1212 2916 1379 2966; x_wconf 82' lang='lat' dir='ltr'><strong>refero</strong></span> <span class='ocrx_word' id='word_1_274' title='bbox 1414 2918 1546 2967; x_wconf 88' lang='lat' dir='ltr'><strong>diem</strong></span> <span class='ocrx_word' id='word_1_275' title='bbox 1582 2918 1782 2967; x_wconf 79' lang='lat' dir='ltr'><strong>beatam</strong></span> 
     </span>
     <span class='ocr_line' id='line_1_30' title="bbox 951 2988 2049 3075; baseline 0.003 -24"><span class='ocrx_word' id='word_1_276' title='bbox 951 2988 1099 3051; x_wconf 78' lang='lat' dir='ltr'><strong>Laeti</strong></span> <span class='ocrx_word' id='word_1_277' title='bbox 1136 2990 1369 3075; x_wconf 73' lang='lat' dir='ltr'><strong>Caesaris</strong></span> <span class='ocrx_word' id='word_1_278' title='bbox 1406 3004 1760 3067; x_wconf 87' lang='lat' dir='ltr'><strong>ebriamque</strong></span> <span class='ocrx_word' id='word_1_279' title='bbox 1798 3012 2049 3055; x_wconf 87' lang='lat' dir='ltr'><strong>noctem</strong></span> 
     </span>
     <span class='ocr_line' id='line_1_31' title="bbox 432 3078 2563 3155; baseline 0.003 -17"><span class='ocrx_word' id='word_1_280' title='bbox 432 3088 531 3138; x_wconf 86' lang='lat' dir='ltr'><strong>hoc</strong></span> <span class='ocrx_word' id='word_1_281' title='bbox 554 3088 901 3153; x_wconf 80' lang='lat' dir='ltr'><strong>pronuntiavit</strong></span> <span class='ocrx_word' id='word_1_282' title='bbox 918 3087 1139 3151; x_wconf 86' lang='lat' dir='ltr'><strong>judicio:</strong></span> <span class='ocrx_word' id='word_1_283' title='bbox 1168 3078 1369 3149; x_wconf 75' lang='lat' dir='ltr'><strong>„Locus</strong></span> <span class='ocrx_word' id='word_1_284' title='bbox 1396 3098 1481 3138; x_wconf 83' lang='lat' dir='ltr'><strong>est</strong></span> <span class='ocrx_word' id='word_1_285' title='bbox 1498 3088 1838 3141; x_wconf 82' lang='lat' dir='ltr'><strong>difficillimus.</strong></span> <span class='ocrx_word' id='word_1_286' title='bbox 1875 3089 2020 3143; x_wconf 81' lang='lat' dir='ltr'><strong>Vrat.</strong></span> <span class='ocrx_word' id='word_1_287' title='bbox 2046 3099 2306 3155; x_wconf 84' lang='lat' dir='ltr'><strong>partem.</strong></span> <span class='ocrx_word' id='word_1_288' title='bbox 2333 3091 2563 3144; x_wconf 83' lang='lat' dir='ltr'><strong>vindob.</strong></span> 
     </span>
     <span class='ocr_line' id='line_1_32' title="bbox 423 3165 2562 3239; baseline 0.002 -17"><span class='ocrx_word' id='word_1_289' title='bbox 423 3181 681 3238; x_wconf 79' lang='lat' dir='ltr'><strong>·parten3</strong></span> <span class='ocrx_word' id='word_1_290' title='bbox 720 3174 836 3225; x_wconf 87' lang='lat' dir='ltr'><strong>Par.</strong></span> <span class='ocrx_word' id='word_1_291' title='bbox 875 3174 1110 3239; x_wconf 78' lang='lat' dir='ltr'><strong>pan³d03</strong></span> <span class='ocrx_word' id='word_1_292' title='bbox 1148 3175 1288 3225; x_wconf 81' lang='lat' dir='ltr'><strong>editt.</strong></span> <span class='ocrx_word' id='word_1_293' title='bbox 1326 3183 1446 3225; x_wconf 83' lang='lat' dir='ltr'><strong>vett.</strong></span> <span class='ocrx_word' id='word_1_294' title='bbox 1483 3165 1758 3239; x_wconf 82' lang='lat' dir='ltr'><strong>parcam,</strong></span> <span class='ocrx_word' id='word_1_295' title='bbox 1801 3178 1868 3226; x_wconf 85' lang='lat' dir='ltr'><strong>al.</strong></span> <span class='ocrx_word' id='word_1_296' title='bbox 1908 3190 2212 3237; x_wconf 82' lang='lat' dir='ltr'><strong>moeram3</strong></span> <span class='ocrx_word' id='word_1_297' title='bbox 2262 3176 2562 3227; x_wconf 82' lang='lat' dir='ltr'><strong>Bernartius</strong></span> 
     </span>
     <span class='ocr_line' id='line_1_33' title="bbox 438 3260 2566 3326; baseline 0.002 -20"><span class='ocrx_word' id='word_1_298' title='bbox 438 3260 724 3308; x_wconf 82' lang='lat' dir='ltr'><strong>emendavit</strong></span> <span class='ocrx_word' id='word_1_299' title='bbox 764 3274 1007 3325; x_wconf 81' lang='lat' dir='ltr'><strong>pacem,</strong></span> <span class='ocrx_word' id='word_1_300' title='bbox 1064 3260 1305 3309; x_wconf 88' lang='lat' dir='ltr'><strong>Heinsius</strong></span> <span class='ocrx_word' id='word_1_301' title='bbox 1353 3261 1689 3326; x_wconf 82' lang='lat' dir='ltr'><strong>ebriamque</strong></span> <span class='ocrx_word' id='word_1_302' title='bbox 1725 3262 2026 3323; x_wconf 87' lang='lat' dir='ltr'><strong>Martem,</strong></span> <span class='ocrx_word' id='word_1_303' title='bbox 2083 3262 2168 3311; x_wconf 87' lang='lat' dir='ltr'><strong>alii</strong></span> <span class='ocrx_word' id='word_1_304' title='bbox 2223 3261 2336 3312; x_wconf 83' lang='lat' dir='ltr'><strong>alia.</strong></span> <span class='ocrx_word' id='word_1_305' title='bbox 2405 3260 2566 3312; x_wconf 81' lang='lat' dir='ltr'><strong>Nulla</strong></span> 
     </span>
     <span class='ocr_line' id='line_1_34' title="bbox 438 3343 2569 3412; baseline 0.002 -20"><span class='ocrx_word' id='word_1_306' title='bbox 438 3344 583 3393; x_wconf 84' lang='lat' dir='ltr'><strong>codd.</strong></span> <span class='ocrx_word' id='word_1_307' title='bbox 618 3343 773 3393; x_wconf 89' lang='lat' dir='ltr'><strong>lectio</strong></span> <span class='ocrx_word' id='word_1_308' title='bbox 812 3354 979 3410; x_wconf 83' lang='lat' dir='ltr'><strong>aptum</strong></span> <span class='ocrx_word' id='word_1_309' title='bbox 1015 3360 1215 3395; x_wconf 84' lang='lat' dir='ltr'><strong>sensum</strong></span> <span class='ocrx_word' id='word_1_310' title='bbox 1253 3346 1463 3410; x_wconf 83' lang='lat' dir='ltr'><strong>praebet</strong></span> <span class='ocrx_word' id='word_1_311' title='bbox 1496 3362 1662 3411; x_wconf 89' lang='lat' dir='ltr'><strong>neque</strong></span> <span class='ocrx_word' id='word_1_312' title='bbox 1698 3356 1842 3411; x_wconf 78' lang='lat' dir='ltr'><strong>patet</strong></span> <span class='ocrx_word' id='word_1_313' title='bbox 1870 3348 2210 3412; x_wconf 78' lang='lat' dir='ltr'><strong>corruptionis</strong></span> <span class='ocrx_word' id='word_1_314' title='bbox 2237 3348 2390 3409; x_wconf 82' lang='lat' dir='ltr'><strong>rati0;</strong></span> <span class='ocrx_word' id='word_1_315' title='bbox 2427 3347 2569 3397; x_wconf 85' lang='lat' dir='ltr'><strong>nulla</strong></span> 
     </span>
     <span class='ocr_line' id='line_1_35' title="bbox 439 3428 2567 3499; baseline 0.001 -20"><span class='ocrx_word' id='word_1_316' title='bbox 439 3428 729 3493; x_wconf 80' lang='lat' dir='ltr'><strong>conjectura</strong></span> <span class='ocrx_word' id='word_1_317' title='bbox 762 3430 954 3495; x_wconf 80' lang='lat' dir='ltr'><strong>placet,</strong></span> <span class='ocrx_word' id='word_1_318' title='bbox 991 3432 1056 3479; x_wconf 82' lang='lat' dir='ltr'><strong>ne</strong></span> <span class='ocrx_word' id='word_1_319' title='bbox 1091 3430 1373 3481; x_wconf 82' lang='lat' dir='ltr'><strong>Thom&#39;soni</strong></span> <span class='ocrx_word' id='word_1_320' title='bbox 1410 3432 1635 3495; x_wconf 85' lang='lat' dir='ltr'><strong>quidem,</strong></span> <span class='ocrx_word' id='word_1_321' title='bbox 1686 3448 1834 3497; x_wconf 83' lang='lat' dir='ltr'><strong>quam</strong></span> <span class='ocrx_word' id='word_1_322' title='bbox 1879 3447 1991 3482; x_wconf 86' lang='lat' dir='ltr'><strong>cum</strong></span> <span class='ocrx_word' id='word_1_323' title='bbox 2029 3432 2336 3483; x_wconf 80' lang='lat' dir='ltr'><strong>Marklando</strong></span> <span class='ocrx_word' id='word_1_324' title='bbox 2373 3434 2567 3499; x_wconf 86' lang='lat' dir='ltr'><strong>recepi-</strong></span> 
     </span>
     <span class='ocr_line' id='line_1_36' title="bbox 438 3502 2570 3583; baseline 0.002 -18"><span class='ocrx_word' id='word_1_325' title='bbox 438 3516 564 3565; x_wconf 74' lang='lat' dir='ltr'><strong>mus.</strong></span> <span class='ocrx_word' id='word_1_326' title='bbox 619 3514 920 3571; x_wconf 80' lang='lat' dir='ltr'><strong>·Offendunt</strong></span> <span class='ocrx_word' id='word_1_327' title='bbox 972 3516 1117 3565; x_wconf 86' lang='lat' dir='ltr'><strong>ctiam</strong></span> <span class='ocrx_word' id='word_1_328' title='bbox 1170 3502 1530 3567; x_wconf 67' lang='lat' dir='ltr'><strong>verba·l³tieti</strong></span> <span class='ocrx_word' id='word_1_329' title='bbox 1568 3514 1894 3579; x_wconf 85' lang='lat' dir='ltr'><strong>Caesaris,</strong></span> <span class='ocrx_word' id='word_1_330' title='bbox 1941 3534 2071 3583; x_wconf 82' lang='lat' dir='ltr'><strong>quae</strong></span> <span class='ocrx_word' id='word_1_331' title='bbox 2111 3519 2233 3582; x_wconf 89' lang='lat' dir='ltr'><strong>quid</strong></span> <span class='ocrx_word' id='word_1_332' title='bbox 2281 3520 2570 3583; x_wconf 83' lang='lat' dir='ltr'><strong>significent</strong></span> 
     </span>
     <span class='ocr_line' id='line_1_37' title="bbox 436 3600 2568 3670; baseline 0.001 -19"><span class='ocrx_word' id='word_1_333' title='bbox 436 3618 537 3651; x_wconf 89' lang='lat' dir='ltr'><strong>non</strong></span> <span class='ocrx_word' id='word_1_334' title='bbox 575 3609 725 3667; x_wconf 80' lang='lat' dir='ltr'><strong>patet.</strong></span> <span class='ocrx_word' id='word_1_335' title='bbox 783 3600 991 3663; x_wconf 84' lang='lat' dir='ltr'><strong>Quare</strong></span> <span class='ocrx_word' id='word_1_336' title='bbox 1025 3603 1160 3653; x_wconf 83' lang='lat' dir='ltr'><strong>hunc</strong></span> <span class='ocrx_word' id='word_1_337' title='bbox 1186 3615 1400 3654; x_wconf 81' lang='lat' dir='ltr'><strong>·versum</strong></span> <span class='ocrx_word' id='word_1_338' title='bbox 1437 3604 1828 3667; x_wconf 88' lang='lat' dir='ltr'><strong>ejiciendum</strong></span> <span class='ocrx_word' id='word_1_339' title='bbox 1865 3604 2220 3670; x_wconf 85' lang='lat' dir='ltr'><strong>putamus.“</strong></span> <span class='ocrx_word' id='word_1_340' title='bbox 2289 3605 2464 3665; x_wconf 80' lang='lat' dir='ltr'><strong>Quod·</strong></span> <span class='ocrx_word' id='word_1_341' title='bbox 2489 3620 2568 3654; x_wconf 89' lang='lat' dir='ltr'><strong>ar·</strong></span> 
     </span>
     <span class='ocr_line' id='line_1_38' title="bbox 438 3689 2570 3755; baseline 0.002 -20"><span class='ocrx_word' id='word_1_342' title='bbox 438 3690 835 3753; x_wconf 83' lang='lat' dir='ltr'><strong>gumentationis</strong></span> <span class='ocrx_word' id='word_1_343' title='bbox 876 3704 1037 3751; x_wconf 87' lang='lat' dir='ltr'><strong>genus</strong></span> <span class='ocrx_word' id='word_1_344' title='bbox 1076 3690 1303 3753; x_wconf 79' lang='lat' dir='ltr'><strong>quamvis</strong></span> <span class='ocrx_word' id='word_1_345' title='bbox 1340 3706 1371 3738; x_wconf 87' lang='lat' dir='ltr'><strong>a</strong></span> <span class='ocrx_word' id='word_1_346' title='bbox 1406 3689 1574 3739; x_wconf 88' lang='lat' dir='ltr'><strong>multis</strong></span> <span class='ocrx_word' id='word_1_347' title='bbox 1610 3690 1709 3739; x_wconf 87' lang='lat' dir='ltr'><strong>hac</strong></span> <span class='ocrx_word' id='word_1_348' title='bbox 1734 3699 1899 3740; x_wconf 82' lang='lat' dir='ltr'><strong>aetate</strong></span> <span class='ocrx_word' id='word_1_349' title='bbox 1928 3690 2157 3755; x_wconf 81' lang='lat' dir='ltr'><strong>usurpari</strong></span> <span class='ocrx_word' id='word_1_350' title='bbox 2183 3699 2418 3753; x_wconf 85' lang='lat' dir='ltr'><strong>coeptum</strong></span> <span class='ocrx_word' id='word_1_351' title='bbox 2445 3690 2570 3739; x_wconf 88' lang='lat' dir='ltr'><strong>nihil</strong></span> 
     </span>
     <span class='ocr_line' id='line_1_39' title="bbox 439 3763 2570 3852; baseline -0.001 -28"><span class='ocrx_word' id='word_1_352' title='bbox 439 3774 621 3825; x_wconf 83' lang='lat' dir='ltr'><strong>attinet</strong></span> <span class='ocrx_word' id='word_1_353' title='bbox 656 3777 827 3825; x_wconf 87' lang='lat' dir='ltr'><strong>dedita</strong></span> <span class='ocrx_word' id='word_1_354' title='bbox 862 3779 1017 3840; x_wconf 87' lang='lat' dir='ltr'><strong>&#39;opera</strong></span> <span class='ocrx_word' id='word_1_355' title='bbox 1051 3775 1285 3825; x_wconf 85' lang='lat' dir='ltr'><strong>refutari.</strong></span> <span class='ocrx_word' id='word_1_356' title='bbox 1324 3763 1439 3823; x_wconf 85' lang='lat' dir='ltr'><strong>nam</strong></span> <span class='ocrx_word' id='word_1_357' title='bbox 1478 3776 1679 3825; x_wconf 87' lang='lat' dir='ltr'><strong>minime</strong></span> <span class='ocrx_word' id='word_1_358' title='bbox 1716 3776 1920 3825; x_wconf 88' lang='lat' dir='ltr'><strong>rationis</strong></span> <span class='ocrx_word' id='word_1_359' title='bbox 1959 3785 2038 3827; x_wconf 87' lang='lat' dir='ltr'><strong>est</strong></span> <span class='ocrx_word' id='word_1_360' title='bbox 2073 3776 2123 3824; x_wconf 90' lang='lat' dir='ltr'><strong>id</strong></span> <span class='ocrx_word' id='word_1_361' title='bbox 2160 3775 2390 3837; x_wconf 86' lang='lat' dir='ltr'><strong>abjicere,</strong></span> <span class='ocrx_word' id='word_1_362' title='bbox 2434 3776 2570 3852; x_wconf 78' lang='lat' dir='ltr'><strong>quod</strong></span> 
     </span>
     <span class='ocr_line' id='line_1_40' title="bbox 430 3861 2572 3941; baseline -0 -32"><span class='ocrx_word' id='word_1_363' title='bbox 430 3872 543 3909; x_wconf 76' lang='lat' dir='ltr'><strong>non</strong></span> <span class='ocrx_word' id='word_1_364' title='bbox 578 3861 911 3941; x_wconf 78' lang='lat' dir='ltr'><strong>probabiliter</strong></span> <span class='ocrx_word' id='word_1_365' title='bbox 950 3861 1263 3925; x_wconf 81' lang='lat' dir='ltr'><strong>expediveris</strong></span> <span class='ocrx_word' id='word_1_366' title='bbox 1309 3863 1443 3910; x_wconf 86' lang='lat' dir='ltr'><strong>unde</strong></span> <span class='ocrx_word' id='word_1_367' title='bbox 1490 3868 1654 3910; x_wconf 88' lang='lat' dir='ltr'><strong>ortum</strong></span> <span class='ocrx_word' id='word_1_368' title='bbox 1703 3862 1782 3912; x_wconf 88' lang='lat' dir='ltr'><strong>sit.</strong></span> <span class='ocrx_word' id='word_1_369' title='bbox 1853 3861 1963 3911; x_wconf 82' lang='lat' dir='ltr'><strong>Nec</strong></span> <span class='ocrx_word' id='word_1_370' title='bbox 2017 3876 2140 3911; x_wconf 82' lang='lat' dir='ltr'><strong>vero</strong></span> <span class='ocrx_word' id='word_1_371' title='bbox 2195 3862 2429 3939; x_wconf 84' lang='lat' dir='ltr'><strong>deerunt,</strong></span> <span class='ocrx_word' id='word_1_372' title='bbox 2485 3861 2572 3934; x_wconf 75' lang='lat' dir='ltr'><strong>qui</strong></span> 
     </span>
     <span class='ocr_line' id='line_1_41' title="bbox 432 3929 2574 4011; baseline 0 -17"><span class='ocrx_word' id='word_1_373' title='bbox 432 3942 828 3997; x_wconf 77' lang='lat' dir='ltr'><strong>·Saturn‘alia‘</strong></span> <span class='ocrx_word' id='word_1_374' title='bbox 864 3947 1187 4011; x_wconf 86' lang='lat' dir='ltr'><strong>principis</strong></span> <span class='ocrx_word' id='word_1_375' title='bbox 1226 3954 1277 3995; x_wconf 89' lang='lat' dir='ltr'><strong>et</strong></span> <span class='ocrx_word' id='word_1_376' title='bbox 1312 3947 1451 3995; x_wconf 76' lang='lat' dir='ltr'><strong>l&#39;u&#39;di</strong></span> <span class='ocrx_word' id='word_1_377' title='bbox 1478 3929 1797 3997; x_wconf 85' lang='lat' dir='ltr'><strong>Caesarei</strong></span> <span class='ocrx_word' id='word_1_378' title='bbox 1833 3948 1991 3997; x_wconf 86' lang='lat' dir='ltr'><strong>diem</strong></span> <span class='ocrx_word' id='word_1_379' title='bbox 2029 3947 2110 3997; x_wconf 86' lang='lat' dir='ltr'><strong>hic</strong></span> <span class='ocrx_word' id='word_1_380' title='bbox 2149 3946 2247 3995; x_wconf 86' lang='lat' dir='ltr'><strong>dici</strong></span> <span class='ocrx_word' id='word_1_381' title='bbox 2283 3944 2574 4009; x_wconf 79' lang='lat' dir='ltr'><strong>intelligant</strong></span> 
     </span>
     <span class='ocr_line' id='line_1_42' title="bbox 441 4032 1499 4097; baseline 0.002 -18"><span class='ocrx_word' id='word_1_382' title='bbox 441 4046 485 4080; x_wconf 81' lang='lat' dir='ltr'><strong>v.</strong></span> <span class='ocrx_word' id='word_1_383' title='bbox 522 4032 586 4082; x_wconf 84' lang='lat'><strong>65</strong></span> <span class='ocrx_word' id='word_1_384' title='bbox 624 4048 697 4097; x_wconf 83' lang='lat' dir='ltr'><strong>sq.</strong></span> <span class='ocrx_word' id='word_1_385' title='bbox 736 4035 801 4081; x_wconf 86' lang='grc'><strong>82</strong></span> <span class='ocrx_word' id='word_1_386' title='bbox 840 4040 890 4081; x_wconf 89' lang='lat' dir='ltr'><strong>et</strong></span> <span class='ocrx_word' id='word_1_387' title='bbox 924 4032 1165 4082; x_wconf 87' lang='lat' dir='ltr'><strong>ebriam</strong></span> <span class='ocrx_word' id='word_1_388' title='bbox 1200 4032 1499 4082; x_wconf 89' lang='lat' dir='ltr'><strong>brumam.</strong></span> 
     </span>
     <span class='ocr_line' id='line_1_43' title="bbox 1254 4118 1827 4169; baseline 0.003 -2"><span class='ocrx_word' id='word_1_389' title='bbox 1254 4118 1417 4167; x_wconf 84' lang='lat' dir='ltr'><strong>refero</strong></span> <span class='ocrx_word' id='word_1_390' title='bbox 1455 4118 1587 4169; x_wconf 84' lang='lat' dir='ltr'><strong>diem</strong></span> <span class='ocrx_word' id='word_1_391' title='bbox 1627 4118 1827 4169; x_wconf 87' lang='lat' dir='ltr'><strong>beatam</strong></span> 
     </span>
     <span class='ocr_line' id='line_1_44' title="bbox 916 4200 2107 4267; baseline -0.002 -13"><span class='ocrx_word' id='word_1_392' title='bbox 916 4204 1081 4255; x_wconf 89' lang='lat' dir='ltr'><strong>Ludi</strong></span> <span class='ocrx_word' id='word_1_393' title='bbox 1121 4200 1433 4253; x_wconf 83' lang='lat' dir='ltr'><strong>Caesarei</strong></span> <span class='ocrx_word' id='word_1_394' title='bbox 1471 4204 1760 4267; x_wconf 86' lang='lat' dir='ltr'><strong>ebriamque</strong></span> <span class='ocrx_word' id='word_1_395' title='bbox 1797 4205 2107 4263; x_wconf 86' lang='lat' dir='ltr'><strong>brumam,</strong></span> 
     </span>
     <span class='ocr_line' id='line_1_45' title="bbox 442 4286 2576 4355; baseline 0 -17"><span class='ocrx_word' id='word_1_396' title='bbox 442 4291 667 4355; x_wconf 83' lang='lat' dir='ltr'><strong>ut·apud</strong></span> <span class='ocrx_word' id='word_1_397' title='bbox 705 4290 994 4340; x_wconf 83' lang='lat' dir='ltr'><strong>Martialem</strong></span> <span class='ocrx_word' id='word_1_398' title='bbox 1029 4286 1180 4339; x_wconf 82' lang='lat' dir='ltr'><strong>XIII.</strong></span> <span class='ocrx_word' id='word_1_399' title='bbox 1220 4292 1263 4349; x_wconf 92' lang='grc'><strong>1,</strong></span> <span class='ocrx_word' id='word_1_400' title='bbox 1300 4292 1355 4340; x_wconf 85' lang='lat'><strong>4:</strong></span> <span class='ocrx_word' id='word_1_401' title='bbox 1393 4288 1656 4353; x_wconf 83' lang='lat' dir='ltr'><strong>Postulat,</strong></span> <span class='ocrx_word' id='word_1_402' title='bbox 1711 4304 1853 4349; x_wconf 88' lang='lat' dir='ltr'><strong>ecce,</strong></span> <span class='ocrx_word' id='word_1_403' title='bbox 1907 4304 2064 4338; x_wconf 84' lang='lat' dir='ltr'><strong>novos</strong></span> <span class='ocrx_word' id='word_1_404' title='bbox 2120 4290 2300 4337; x_wconf 86' lang='lat' dir='ltr'><strong>ebria</strong></span> <span class='ocrx_word' id='word_1_405' title='bbox 2353 4290 2576 4338; x_wconf 83' lang='lat' dir='ltr'><strong>bruma</strong></span> 
     </span>
     <span class='ocr_line' id='line_1_46' title="bbox 444 4371 2586 4439; baseline -0.003 -12"><span class='ocrx_word' id='word_1_406' title='bbox 444 4376 609 4427; x_wconf 85' lang='lat' dir='ltr'><strong>sales“</strong></span> <span class='ocrx_word' id='word_1_407' title='bbox 646 4374 710 4428; x_wconf 85' lang='lat' dir='ltr'><strong>cf.</strong></span> <span class='ocrx_word' id='word_1_408' title='bbox 746 4375 813 4425; x_wconf 86' lang='lat' dir='ltr'><strong>X.</strong></span> <span class='ocrx_word' id='word_1_409' title='bbox 850 4378 933 4439; x_wconf 84' lang='lat'><strong>47,</strong></span> <span class='ocrx_word' id='word_1_410' title='bbox 972 4378 1024 4425; x_wconf 81' lang='lat'><strong>9:</strong></span> <span class='ocrx_word' id='word_1_411' title='bbox 1062 4376 1202 4427; x_wconf 82' lang='lat' dir='ltr'><strong>Nox</strong></span> <span class='ocrx_word' id='word_1_412' title='bbox 1240 4390 1343 4425; x_wconf 89' lang='lat' dir='ltr'><strong>non</strong></span> <span class='ocrx_word' id='word_1_413' title='bbox 1382 4376 1579 4435; x_wconf 84' lang='lat' dir='ltr'><strong>ebria,</strong></span> <span class='ocrx_word' id='word_1_414' title='bbox 1629 4376 1718 4425; x_wconf 86' lang='lat' dir='ltr'><strong>sed</strong></span> <span class='ocrx_word' id='word_1_415' title='bbox 1754 4375 1920 4423; x_wconf 86' lang='lat' dir='ltr'><strong>soluta</strong></span> <span class='ocrx_word' id='word_1_416' title='bbox 1957 4374 2131 4425; x_wconf 88' lang='lat' dir='ltr'><strong>curis“</strong></span> <span class='ocrx_word' id='word_1_417' title='bbox 2175 4371 2376 4435; x_wconf 89' lang='lat' dir='ltr'><strong>(Burm.</strong></span> <span class='ocrx_word' id='word_1_418' title='bbox 2415 4375 2586 4423; x_wconf 69' lang='lat' dir='ltr'><strong>Anth.</strong></span> 
     </span>
     <span class='ocr_line' id='line_1_47' title="bbox 444 4456 2577 4526; baseline -0.001 -15"><span class='ocrx_word' id='word_1_419' title='bbox 444 4462 556 4511; x_wconf 80' lang='lat' dir='ltr'><strong>Lat.</strong></span> <span class='ocrx_word' id='word_1_420' title='bbox 592 4462 691 4513; x_wconf 89' lang='lat'><strong>111.</strong></span> <span class='ocrx_word' id='word_1_421' title='bbox 728 4464 811 4521; x_wconf 72' lang='lat'><strong>84,</strong></span> <span class='ocrx_word' id='word_1_422' title='bbox 844 4458 879 4509; x_wconf 84' lang='lat'>4</span> <span class='ocrx_word' id='word_1_423' title='bbox 913 4478 959 4526; x_wconf 84' lang='lat' dir='ltr'><strong>p.</strong></span> <span class='ocrx_word' id='word_1_424' title='bbox 1001 4461 1141 4525; x_wconf 79' lang='lat'><strong>539).</strong></span> <span class='ocrx_word' id='word_1_425' title='bbox 1195 4462 1320 4512; x_wconf 76' lang='lat' dir='ltr'><strong>XII.</strong></span> <span class='ocrx_word' id='word_1_426' title='bbox 1361 4465 1441 4521; x_wconf 82' lang='lat'><strong>81,</strong></span> <span class='ocrx_word' id='word_1_427' title='bbox 1485 4465 1535 4511; x_wconf 88' lang='lat' dir='ltr'><strong>l:</strong></span> <span class='ocrx_word' id='word_1_428' title='bbox 1580 4462 1800 4509; x_wconf 83' lang='lat' dir='ltr'><strong>Brumae</strong></span> <span class='ocrx_word' id='word_1_429' title='bbox 1839 4460 2016 4508; x_wconf 77' lang='lat' dir='ltr'><strong>(liebus</strong></span> <span class='ocrx_word' id='word_1_430' title='bbox 2055 4459 2288 4521; x_wconf 84' lang='lat' dir='ltr'><strong>feriisque</strong></span> <span class='ocrx_word' id='word_1_431' title='bbox 2325 4456 2577 4509; x_wconf 80' lang='lat' dir='ltr'><strong>Saturni.“</strong></span> 
     </span>
     <span class='ocr_line' id='line_1_48' title="bbox 2080 4546 2170 4592; baseline 0 0"><span class='ocrx_word' id='word_1_432' title='bbox 2080 4546 2170 4592; x_wconf 76' lang='lat'><strong>13*</strong></span> 
     </span>
    </p>
   </div>
   <div class='ocr_carea' id='block_1_5' title="bbox 3202 0 3223 1287">
    <p class='ocr_par' dir='ltr' id='par_1_6' title="bbox 3202 0 3223 1287">
     <span class='ocr_line' id='line_1_49' title="bbox 3202 0 3223 1287; baseline 0 0"><span class='ocrx_word' id='word_1_433' title='bbox 3202 0 3223 1287; x_wconf 95' lang='lat' dir='ltr'><strong> </strong></span> 
     </span>
    </p>
   </div>
  </div>
 </body>
</html>
