3234 4967
694 417 802 476 ,238
1524 413 1756 480 ConJec
1770 423 1805 468 t.
1841 414 2021 471 xvn.
2084 427 2089 430 ·

705 588 764 636 in
802 587 976 648 Lito,
1011 585 1376 635 restituendum
1415 599 1526 636 esse
1551 601 1737 638 nomeu
1775 602 1805 640 a
1842 583 2209 638 Theocrito
2233 588 2359 638 vn.
2383 589 2447 638 73
2486 595 2847 642 contestatum.

703 667 851 732 Quod
888 669 1042 721 fuisse
1079 669 1380 735 Syneten:

1109 773 1340 824 Pallidus
1375 760 1428 823 i'n
1467 771 1719 838 Syneta
1756 773 1924 826 Naida
1956 774 2187 840 Daphnis
2227 783 2335 826 erat

700 890 804 928 non
864 877 1078 932 obscure
1137 883 1355 938 arguunt
1414 877 1631 926 confusa
1690 879 1790 926 duo
1850 878 1971 940 illa,
2032 891 2164 941 quae
2220 879 2273 926 in
2334 878 2476 928 libris
2530 883 2847 940 comparent:

702 949 943 1016 Ξενέας
980 958 1180 1018 (Schol.
1218 959 1259 1008 1.
1297 961 1362 1012 65
1399 977 1448 1024 Ρ.
1471 963 1554 1020 64,
1593 963 1672 1014 16.
1699 961 1821 1014 V11.
1850 963 1914 1012 73
1939 979 1993 1027 p.
2020 964 2135 1023 262,
2170 963 2225 1012 3:
2260 955 2445 1012 Μοῦσα
2476 959 2539 1028 ἦν
2574 959 2609 1031 ἡ
2649 951 2846 1023 Ξενία),

701 1037 926 1106 Ξενίας
973 1043 1049 1109 (p.
1089 1046 1186 1096 521
1224 1043 1357 1108 not.)
1412 1054 1466 1095 et
1501 1036 1753 1101 Ξάνθας
1810 1045 2004 1108 (Schol.
2042 1064 2091 1112 p.
2130 1049 2245 1108 262,
2283 1049 2341 1098 2:
2412 1043 2445 1116 ἢ
2480 1043 2723 1114 γράφεται
2757 1047 2847 1100 τᾶς

701 1122 940 1193 Ξάνθας).
1014 1127 1170 1190 Quod
1205 1130 1372 1193 ipsum
1425 1145 1610 1180 nomen
1646 1131 1931 1180 invenimus
1966 1133 2017 1180 iu
2056 1134 2215 1182 Anth.
2254 1132 2365 1182 Pal.
2404 1131 2555 1182 XlV.
2596 1133 2711 1192 123,
2743 1135 2843 1184 ‚111

697 1219 822 1282 μνᾶς
859 1211 1021 1286 ἐχέτω
1061 1241 1122 1252 -·-
1163 1205 1399 1279 Συνέτη
1435 1211 1553 1266 δέκα
1590 1207 1857 1266 -,“Επτά
1910 1212 1962 1268 δὲ
1986 1226 1989 1229 “
2016 1220 2141 1282 μνᾶς
2179 1211 2255 1266 Συ
2272 1214 2429 1282 νέτῳ
2484 1213 2623 1266 παιδὶ
2670 1213 2847 1283 δίδωμι

699 1293 860 1366 Σύρου
919 1307 971 1350 et
1032 1301 1084 1348 iu
1137 1301 1198 1349 iis
1254 1299 1398 1360 locis,
1455 1315 1584 1362 quos
1624 1301 1819 1350 addidit
1874 1302 1935 1350 L.
1970 1303 2273 1354 Dindorfius
2311 1303 2493 1368 Steph.
2532 1303 2685 1353 Thes.
2722 1303 2847 1353 VII.

695 1405 747 1452 p.
785 1386 935 1438 1356.
971 1385 1042 1446 Ι),
1079 1393 1129 1433 et
1163 1385 1217 1434 in
1251 1384 1434 1436 Marm.
1471 1385 1667 1437 Felsin.
1706 1384 1857 1436 VIII.
1898 1387 1928 1436 6
1968 1403 2017 1451 Ρ.
2052 1389 2183 1438 486:
2220 1388 2287 1436 D.
2324 1388 2396 1439 M.
2434 1385 2695 1438 Caeciliae
2730 1388 2843 1452 Sy-

695 1472 896 1532 nete“;
959 1470 1302 1533 neglexerunt
1335 1477 1384 1520 et
1417 1469 1478 1530 ii,
1539 1470 1628 1535 qui
1683 1471 1809 1520 haec
1834 1472 2080 1522 nomina:
2153 1471 2397 1541 Claudius
2434 1473 2761 1537 Synethus
2796 1483 2848 1523 et

696 1557 878 1608 Cassia
913 1556 1196 1620 Synethe
1250 1555 1302 1604 in
1357 1555 1611 1619 lapidibus
1666 1556 1907 1620 inscripta
1958 1557 2063 1620 legi
2122 1559 2405 1609 docuerunt
2440 1545 2681 1620 (Eoi-cell.
2720 1557 2848 1608 Lex.

691 1641 808 1694 Lat.
843 1640 937 1694 IV.
975 1657 1026 1704 p.
1065 1637 1204 1702 261),
1261 1645 1313 1688 et
1349 1635 1647 1690 Lobeckius
1680 1640 1905 1704 Paralip.
1947 1641 2069 1694 VII.
2110 1645 2137 1692 7
2178 1659 2225 1706 p.
2262 1644 2365 1693 475
2422 1643 2485 1694 cf.
2526 1643 2639 1695 Jac.
2678 1643 2839 1693 Auth.

692 1728 808 1778 Pal.
843 1725 940 1782 IX.
979 1728 1042 1778 41
1083 1741 1133 1790 p.
1169 1727 1470 1788 665;·apud
1507 1727 1797 1776 Diodorum
1837 1729 2043 1797 quidem
2079 1727 2229 1777 XIV.
2268 1744 2317 1792 p.
2356 1729 2473 1788 677,
2509 1730 2603 1780 98:
2642 1722 2847 1797 Δωρίδα

691 1811 783 1882 τήν
819 1827 874 1862 τε
913 1803 1188 1862 Ξενέτου
1223 1805 1476 1878 θυγατέρα
1513 1812 1627 1876 ipsa
1666 1813 1850 1862 vocula
1883 1828 1954 1872 τε,
1994 1827 2124 1876 quae
2160 1829 2191 1862 a
2228 1813 2495 1878 Stephano
2530 1813 2729 1862 sublata
2751 1826 2843 1874 est,

692 1899 888 1950 indicat
923 1897 1045 1952 olim
1082 1896 1326 1960 scriptum
1359 1895 1544 1955 fuisse,
1607 1899 1747 1960 quod
1795 1897 2105 1959 conjectavit
2138 1897 2436 1948 Lobeckius
2472 1893 2683 1950 Pathol.
2722 1897 2844 1953 VH,

691 1985 740 2042 4,
777 1984 809 2032 3
846 1999 894 2046 p.
933 1983 1064 2041 374,
1117 1989 1234 2044 post
1269 1996 1383 2032 eum
1420 1981 1724 2034 Dindorfius
1760 1983 1795 2032 1.
1836 1983 1885 2030 d.
1922 1981 1989 2034 V.
2042 1997 2091 2044 p.
2134 1983 2281 2032 1641.
2320 1979 2387 2032 C:
2426 1973 2844 2040 ''EfiatvkrotL

689 2069 850 2132 Apud
886 2065 1122 2116 Ovidium
1158 2075 1327 2116 autem
1366 2066 1479 2129 quis
1516 2069 1785 2130 negaverit
1818 2074 2041 2116 seneta
2076 2065 2169 2129 (cf.
2198 2067 2421 2118 Theocr.
2447 2069 2481 2120 1.
2508 2066 2580 2132 d.)
2620 2070 2843 2134 potuisse

689 2154 762 2204 sic
799 2153 905 2208 fieri
941 2152 1153 2213 lenta,
1213 2159 1270 2200 ut
1322 2152 1460 2215 apud
1497 2149 1837 2200 Claudianum
1873 2151 1956 2202 IV
1994 2149 2153 2202 Cons.
2192 2153 2328 2203 Hon.
2366 2154 2469 2204 654
2506 2152 2753 2204 Suevus
2776 2144 2843 2202 'in

692 2237 862 2291 Oxou.
898 2237 1077 2297 Leidd.
1115 2237 1357 2297 Lichas,
1395 2237 1447 2285 in
1483 2235 1676 2291 Lovan,
1716 2237 1827 2287 Lic
1848 2237 1984 2288 ebus
2017 2246 2095 2286 ·et
2130 2237 2379 2287 Serenum
2420 2227 2609 2288 Sanum.
2644 2238 2840 2288 XLVI.

691 2325 790 2374 830
849 2323 1084 2374 sai-issae
1145 2325 1197 2370 in
1233 2323 1364 2384 Reg.
1407 2322 1592 2375 Vener.
1634 2321 1917 2372 Larissae?
1990 2321 2151 2384 Cujus
2208 2325 2395 2374 erroris
2450 2324 2554 2372 alia
2608 2324 2843 2388 exempla

687 2409 898 2472 collegit
931 2407 1384 2461 Drakenborchius
1420 2403 1532 2460 Liv.
1569 2407 1640 2461 11.
1680 2409 1761 2469 23,
1802 2409 1833 2458 3
1872 2424 1923 2472 p.
1965 2409 2079 2460 190.

823 2493 929 2544 Sed
966 2483 1284 2544 redeundum
1321 2494 1388 2542 ad
1425 2492 1645 2561 Statium
1682 2501 1773 2544 est.
1848 2491 2009 2556 Cujus
2064 2492 2209 2542 illum
2264 2509 2463 2544 versum
2518 2492 2615 2544 IV.
2666 2495 2716 2554 3,
2749 2495 2843 2545 59:

1233 2603 1326 2651 His
1363 2617 1564 2667 parvus,
1601 2603 1701 2651 nisi
1736 2601 2029 2652 Lechiae
2066 2611 2312 2662 vetarent,

1236 2683 1397 2736 Inous
1435 2688 1570 2736 freta
1606 2687 1889 2738 miscuisset
1926 2687 2149 2736 Isthmus

653 2834 666 2846 .
689 2801 956 2850 restituere
992 2800 1220 2863 ingresso
1257 2797 1476 2849 Imhofio
1513 2795 1626 2847 Ecl.
1666 2799 1732 2846 ad
1768 2797 1873 2847 Ux.
1913 2813 1961 2860 Ρ.
1998 2799 2033 2846 4
2076 2807 2125 2848 et
2160 2799 2413 2849 Emendd.
2454 2799 2579 2851 Stat.
2604 2785 2666 2864 ΔΡ.
2705 2799 2735 2850 9
2762 2785 2837 2862 sil.

689 2900 793 2934 non
848 2883 1006 2946 magis
1055 2883 1332 2943 successit,
1388 2899 1540 2946 quam
1597 2878 1807 2944 reliquis
1862 2883 2111 2934 omnibus.
2184 2883 2284 2944 Qui
2322 2883 2383 2934 de
2430 2883 2623 2934 nefasto
2660 2885 2839 2934 Isthmi

687 2969 1009 3036 perfodiendi
1047 2968 1254 3033 incepto
1308 2968 1470 3016 multa
1527 2967 1681 3016 docte
1735 2975 2107 3018 commentatus
2144 2978 2416 3034 postquam
2452 2969 2581 3018 illud
2620 2970 2839 3020 scienter

688 3051 856 3105 effecit
897 3055 1062 3118 „aliud
1101 3053 1309 3130 verbum
1346 3054 1503 3102 latere
1539 3067 1642 3102 non
1678 3067 1829 3118 posse
1865 3053 1959 3102 sub
1999 3063 2237 3118 corrupta
2275 3069 2401 3103 voce
2439 3035 2687 3116 deviae,
2738 3049 2835 3104 nisi

688 3141 826 3204 quod
861 3140 955 3190 fati
994 3146 1043 3187 et
1077 3138 1301 3210 ipsorum
1343 3139 1552 3187 deorum
1589 3139 1907 3187 voluntatem
1963 3139 2104 3202 operi
2145 3139 2449 3188 contrariam
2502 3140 2719 3200 indicet,
2779 3146 2837 3191 ut

683 3225 815 3272 bene
851 3212 1116 3273 senserunt
1153 3223 1424 3274 Turnebus
1462 3231 1510 3273 et
1545 3221 1839 3282 Barthius“,
1876 3237 2052 3272 vocem
2107 3230 2389 3286 „vetustam
2427 3233 2477 3272 ct
2512 3240 2750 3273 arcanam
2787 3207 2837 3272 et

682 3307 837 3358 Statii
873 3306 1175 3372 aequalibus
1211 3324 1375 3374 paene
1413 3309 1726 3373 incognitam
1764 3306 2043 3355 cliviae“
2102 3301 2201 3355 sibi
2252 3301 2502 3372 persuasit
2542 3317 2832 3373 „peraptum

684 3400 864 3458 poetae
901 3391 1058 3442 visam
1098 3409 1234 3453 esso,
1291 3403 1347 3444 ut
1381 3395 1539 3459 ipsius
1579 3393 1693 3443 soni
1733 3391 2006 3442 insolentia
2043 3405 2144 3440 rem
2179 3407 2246 3440 'ne
2286 3391 2583 3443 Domitiano
2623 3391 2832 3458 quidem

660 3467 980 3544 ‘permissam
1034 3479 1328 3529 denotarct=
1398 3474 1495 3528 nisi
1543 3478 1786 3528 cliviae
1826 3477 2101 3527 vetarent.“
2178 3476 2331 3536 Quod
2374 3473 2703 3529 eruditissimi
2742 3467 2834 3529 viri

682 3556 1066 3614 consilium'vel
1102 3559 1294 3614 idcirco
1331 3565 1496 3628 ipsum
1533 3563 1735 3612 devium
1780 3563 1981 3613 videtur
2040 3579 2176 3624 esse,
2238 3564 2375 3626 quod
2436 3577 2529 3612 nec
2592 3565 2833 3614 cliviae

656 3655 820 3699 'recte
860 3650 1099 3698 dicuntur
1133 3663 1229 3713 pro
1267 3649 1490 3698 cliviis
1527 3649 1753 3700 avibus
1792 3657 1844 3700 et
1879 3651 1933 3698 in
1956 3650 2293 3714 descriptione
2319 3649 2487 3714 operis
2512 3649 2828 3714 periculosae

679 3737 824 3785 aleae
860 3735 996 3799 pleni
1034 3736 1202 3785 avium
1242 3736 1430 3784 mentio
1467 3735 1596 3784 levis
1654 3745 1729 3784 est
1783 3744 1935 3800 atque
1974 3737 2105 3786 iners
2142 3751 2265 3800 prae
2302 3750 2383 3795 ea,
2450 3749 2597 3798 quam
2651 3725 2824 3784 intulit

679 3819 980 3870 Pausanias
988 3820 1057 3870 ΙΙ.
1088 3824 1132 3880 1,
1155 3822 1213 3870 5:
1251 3811 1483 3875 Κνιδίους
1519 3816 1571 3868 δὲ
1608 3817 1643 3890 ἡ
1681 3811 1841 3871 Πυθί
1861 3837 1891 3870 α
1926 3817 2011 3870 τὸν
2051 3815 2225 3887 ἰσθμὸν
2264 3816 2557 3886 ὀρὺσσοντας
2594 3817 2829 3870 ἔπαυσενε

673 3900 810 3956 οὕτω
846 3900 1067 3977 χαλεπὸν
1105 3901 1363 3971 ἀνθρώπῳ
1417 3904 1480 3955 τὰ
1517 3901 1635 3955 θεῖα
1674 3903 1963 3972 βιάσασθαι.
2035 3907 2211 3956 Barth.
2270 3906 2395 3956 Silv.
2449 3906 2483 3958 l
2524 3907 2570 3954 d.
2624 3923 2674 3970 p.
2712 3905 2829 3958 373.

609 4011 616 4016 ·
677 3979 788 4040 Nec
813 3993 962 4055 quod
999 3992 1096 4056 ipsi
1134 3987 1288 4054 hujus
1325 3991 1426 4040 loci
1466 3992 1748 4040 sententiae
1786 3992 2317 4043 convenientissimum
2358 3999 2460 4052 est,
2498 3991 2571 4040 ita
2606 3981 2831 4040 abditum

675 4084 766 4136 est,
804 4083 859 4124 ut-
897 4076 1068 4126 latcat.
1143 4075 1588 4136 Quemadmodum
1630 4077 1763 4125 enim
1802 4079 1894 4141 pro
1932 4077 2140 4126 Pharia
2176 4077 2375 4138 varia,
2434 4077 2679 4141 passive
2737 4093 2831 4144 pro

675 4158 959 4224 Pasiphae
995 4162 1166 4226 erupit
1203 4159 1453 4227 (Conject
1494 4159 1582 4225 1.,)
1619 4161 1691 4210 ita
1728 4169 1781 4210 et
1818 4164 1867 4210 in
1908 4161 2118 4212 Gloss.
2158 4161 2346 4212 Labb.
2386 4177 2435 4225 Ρ.
2472 4159 2536 4212 51
2564 4161 2830 4211 .deluca

673 4245 724 4292 id
761 4249 862 4294 est
873 4247 1100 4294 delvica
1136 4244 1322 4311 (Cang.
1353 4246 1523 4296 Gloss.
1552 4245 1623 4295 11.
1647 4263 1697 4310 Ρ.
1724 4246 1819 4310 48)
1857 4255 1907 4297 et
1942 4245 2024 4296 hic
2062 4247 2295 4296 deviae
2332 4245 2521 4296 factum
2559 4261 2648 4308 est,
2687 4239 2825 4310 quod

673 4329 847 4379 fuerat
879 4331 1175 4406 dephiae.
1249 4332 1404 4392 Quod
1441 4333 1606 4396 ipsum
1645 4332 1767 4396 quid
1805 4333 1885 4396 sit,
1926 4331 2189 4382 declarant
2224 4329 2480 4382 Martialis
2504 4331 2630 4384 XII
2658 4330 2739 4390 66,
2770 4331 2825 4381 7:

675 4417 959 4479 Argentum
1023 4425 1174 4478 atque
1235 4433 1412 4466 aurum
1473 4433 1575 4466 non
1624 4414 1838 4482 simplex
1876 4415 2207 4482 Delphica
2244 4419 2447 4480 portat“
2484 4417 2685 4467 codices
2723 4413 2826 4464 Pu—
