3234 4967
610 355 709 405 180
1486 351 1769 417 Conject.
1807 354 1874 405 V.

608 525 765 592 XIX)
790 526 1043 577 levitatem
1058 527 1329 577 Duebneri
1351 526 1736 591 Queckiiquep
1756 524 1948 577 XXIII
1967 527 2068 577 his:
2089 526 2470 587 „Marklandus
2485 540 2530 579 ν.
2545 527 2612 577 85
2630 539 2751 577 oon-

598 613 751 677 jecit:
789 614 968 677 procul
1004 613 1104 666 ists.
1139 613 1252 661 tibi
1292 613 1427 661 sint
1460 610 1583 672 fata,
1623 612 1854 671 Teate,
1909 627 2060 675 quam
2104 611 2451 674 conjecturum
2499 618 2751 675 receptam

607 698 870 762 oportuit“
908 697 1223 747 Marklando
1260 698 1308 745 id
1348 696 1738 761 assignandum,
1795 698 1932 759 quod
1970 698 2330 747 vindicandum
2385 696 2480 747 fuit
2515 692 2751 758 Barthio,

610 784 694 847 qui
729 800 777 849 p.
810 785 943 833 <3872
998 780 1201 845 „Nihil,
1249 783 1440 846 inquit,
1477 777 1692 843 certius,
1731 798 1884 847 quam
1922 782 2194 847 Papinium
2232 782 2520 847 scripsisse:
2573 782 2752 847 procul

606 870 706 921 ista
741 869 866 919 tuis
904 868 1036 917 sint
1072 869 1220 934 Fata,
1255 868 1485 917 Teatef‘
1540 866 1607 917 Et
1642 869 1726 917 hic
1761 868 1968 932 quidem
2007 882 2070 917 eo
2105 868 2268 919 minus
2303 882 2397 918 sua
2431 867 2754 917 fraudandus

608 953 704 1005 fuit
739 956 909 1015 laude,
948 954 1085 1018 quod
1121 952 1385 1018 aliquanto
1410 952 1780 1004 consideratius
1805 969 1866 1003 ac
1890 953 2072 1005 rectius
2097 953 2302 1003 retinuit
2339 954 2484 1003 tuis:
2521 953 2595 1005 sic
2621 953 2752 1003 enim
2839 970 2842 973 ⁴
2877 970 2893 985 ·

586 1042 661 1103 ,in
688 1039 793 1089 Clri
832 1039 1031 1103 legerat
1064 1054 1109 1090 v.
1130 1039 1257 1089 4652
1294 1036 1647 1103 Infestumque
1683 1039 1818 1089 suis
1854 1040 1998 1089 dirae
2035 1038 2300 1089 testudinis
2339 1066 2402 1077 -·
2441 1036 2754 1102 Spelaeum“

612 1126 665 1175 id
704 1132 782 1175 est
818 1124 1180 1189 „popularibus
1206 1130 1257 1173 et
1281 1122 1564 1187 cognatis,“
1602 1130 1660 1173 ut
1683 1124 1814 1173 idem
1840 1118 1914 1173 ait
1935 1122 2202 1174 claudian.
2222 1122 2339 1179 Rus.
2359 1123 2401 1173 1.
2430 1124 2530 1175 253
2550 1140 2598 1189 p.
2623 1123 2756 1173 1160

610 1211 673 1261 cf.
710 1210 898 1261 Sin.,1.
936 1212 965 1260 1
1004 1226 1052 1273 p.
1090 1210 1137 1259 4.
1194 1208 1433 1261 Ceterum
1470 1216 1665 1259 tantum
1703 1210 1866 1273 abest,
1903 1218 1960 1260 ut
1995 1224 2185 1269 eorum,
2221 1223 2354 1273 quae
2386 1207 2630 1259 Bai-thius
2667 1222 2755 1257 ex-

610 1296 870 1359 cogitavit,
907 1295 1156 1345 Imhofius
1192 1300 1359 1345 autem
1399 1296 1462 1344 de
1498 1294 1714 1346 Condie.
1753 1289 1878 1347 crit.
1915 1312 1964 1361 p.
2001 1297 2068 1347 39
2103 1294 2202 1345 hoc
2249 1296 2398 1345 modo
2445 1294 2756 1359 expolivisse

609 1382 704 1432 sibi
740 1382 878 1432 visus
914 1387 1015 1430 est:
1054 1380 1247 1430 Procul
1281 1381 1382 1429 ista
1416 1392 1520 1431 tuo
1555 1380 1657 1429 sint
1691 1380 1798 1431 fata
1833 1380 2052 1441 Teati,“
2089 1380 2434 1431 defensionem
2463 1380 2755 1440 sustineam,

610 1474 667 1517 ut
702 1467 939 1519 affectum
975 1466 1183 1529 gravius
1233 1465 1401 1515 locum
1449 1467 1632 1515 ductus
1679 1467 1910 1516 codicum
1962 1460 2188 1515 indiciis:
2243 1466 2360 1515 tuis
2396 1465 2756 1530 Tumphata

612 1550 869 1617 (Domit.).
924 1564 1064 1601 tuos
1118 1550 1321 1600 insata
1378 1550 1565 1615 (Rehd.
1616 1551 1752 1601 Bud.
1789 1551 1972 1603 Salisb.
2009 1550 2186 1601 Urbin.
2227 1550 2395 1601 Oxou.
2441 1566 2525 1614 ap.
2573 1548 2754 1603 Imhof.

608 1637 721 1687 Ecl.
759 1638 826 1687 ad
864 1636 970 1687 Ux.
1008 1652 1057 1701 p.
1078 1638 1124 1689 4.
1163 1638 1335 1687 Parm.
1372 1636 1555 1686 Venet.
1594 1636 1657 1687 cf.
1697 1637 1818 1687 val.
1859 1634 1970 1687 Cat.
2008 1637 2118 1689 Dir.
2157 1638 2221 1687 67
2259 1636 2553 1701 lymphas.
2591 1634 2755 1684 Paris.

610 1730 660 1771 et
694 1722 855 1771 Basil.
894 1736 975 1787 ap.
1014 1720 1177 1772 Naek.
1215 1736 1267 1787 p.
1307 1725 1401 1773 101
1440 1722 1657 1772 limfas.
1695 1721 1842 1775 ovid.
1880 1722 2019 1773 Fast.
2046 1722 2143 1772 111.
2179 1723 2278 1773 769
2313 1720 2488 1774 Berol.
2527 1720 2758 1771 nimfas.

612 1809 711 1859 659
748 1806 936 1857 Bavar.
995 1806 1315 1872 nimpham)
1369 1808 1490 1857 mihi
1547 1808 1726 1857 videar
1760 1803 1816 1857 in
1851 1808 2112 1873 antiquam
2159 1808 2424 1857 sanitatem
2473 1806 2758 1856 restituisse

610 1894 741 1942 hanc
766 1899 1089 1943 consectatus
1115 1894 1447 1943 sententiam:
1483 1895 1710 1943 nondum
1749 1893 1949 1943 letale
1987 1893 2213 1941 minari
2250 1908 2386 1956 apex
2409 1898 2588 1945 cessat.
2627 1891 2758 1941 Pro-

612 1973 697 2026 cul
733 1976 896 2028 Teate
932 1980 1005 2027 sit
1040 1978 1181 2028 lues
1218 1978 1553 2044 lymphata
1606 1978 1736 2043 (sive
1793 1978 1902 2042 quis
1943 1977 2111 2028 malit:
2167 1978 2414 2042 „pt-ocul,
2465 1976 2576 2025 lues
2629 1974 2758 2041 lym-

610 2064 818 2129 phata,“
856 2069 966 2113 esto
1005 2060 1193 2127 Teate)
1229 2077 1323 2115 nec
1358 2064 1682 2115 Marrucinos
1717 2072 1915 2113 montes
1951 2070 2072 2127 agat
2106 2063 2265 2112 haec
2300 2062 2576 2112 insania:
2683 2098 2689 2102 ·

1171 2146 1182 2154 ’
1222 2150 1403 2214 procul
1443 2158 1580 2201 esto
1617 2150 1760 2199 lues
1796 2144 2134 2215 lymphata
2171 2150 2334 2197 Teate

1020 2234 1129 2285 Nee
1167 2234 1494 2285 Marrucinos
1531 2242 1650 2299 agat
1685 2234 1813 2283 hae'c
1848 2235 2044 2283 insania
2081 2243 2296 2284 montes.

613 2319 759 2381 Quae
797 2320 959 2369 oratio
996 2327 1197 2369 tantum
1222 2321 1381 2369 habet
1404 2313 1876 2381 commendationis,
1913 2327 2155 2385 quantum
2183 2317 2478 2369 offensionis
2513 2318 2640 2366 illud
2665 2332 2758 2382 par

611 2406 1002 2455 vocabulorum:
1038 2406 1161 2455 ista
1196 2404 1303 2455 fata
1340 2414 1391 2454 et
1426 2407 1583 2454 haec
1621 2390 1831 2459 insania.
1893 2404 2004 2455 Nec
2042 2420 2225 2469 magno
2263 2420 2374 2453 eam
2410 2406 2759 2469 reparavimus

612 2500 822 2553 conatu3
842 2490 1061 2556 primum
1082 2490 1215 2539 enim
1237 2492 1419 2540 eodem
1440 2491 1860 2555 discriminaque
1878 2497 2155 2556 perpetuae
2173 2490 2404 2539 aemulae
2425 2488 2763 2554 sejunguntur

612 2592 767 2627 voces
792 2576 960 2626 labes
997 2584 1048 2625 et
1084 2576 1245 2626 tabes
1280 2576 1428 2627 Drak
1462 2574 1794 2626 Si1.vl11.21
1817 2592 1866 2640 p.
1881 2577 1996 2636 363,
2033 2577 2224 2625 distant
2251 2576 2384 2624 inter
2418 2590 2474 2623 se
2512 2583 2564 2623 et
2599 2580 2760 2625 tum—

616 2663 832 2727 phata:
866 2657 1162 2726 lymphata.
1197 2668 1249 2709 et
1286 2662 1427 2710 tuis:
1464 2661 1581 2711 luis
1620 2658 1696 2723 (id
1735 2668 1814 2710 est
1849 2662 1980 2710 lues
2018 2660 2197 2710 Heins.
2237 2660 2397 2712 Prud.
2433 2655 2624 2726 Psych.
2660 2662 2763 2711 480

616 2763 665 2812 p.
706 2748 801 2798 732
842 2754 892 2796 et
928 2746 1159 2798 cathem.
1196 2746 1319 2809 yn,
1360 2748 1457 2795 162
1494 2763 1543 2811 p.
1570 2748 1654 2797 90.
1727 2745 1872 2795 Cort.
1911 2745 2105 2795 Lucan.
2144 2745 2183 2799 Ι.
2223 2748 2324 2797 344
2359 2762 2408 2811 p.
2434 2743 2540 2811 96),
2579 2746 2762 2795 deinde

618 2834 756 2896 quod
793 2832 972 2897 optimi
1009 2832 1125 2881 libri
1162 2833 1433 2897 praebent:
1490 2840 1666 2895 tuost
1689 2822 1856 2883 'illum
1902 2831 2096 2882 litteras
2136 2848 2164 2881 e
2202 2840 2256 2881 et
2289 2846 2322 2881 ο
2366 2831 2761 2896 permutantium

617 2934 845 2988 errorem
882 2918 1100 2978 fatetur,
1152 2931 1301 2981 quem
1338 2916 1471 2965 infra
1504 2916 1640 2967 XIX
1677 2918 2014 2982 attingemus3-
2053 2924 2156 2967 tum
2192 2917 2399 2967 verbum
2439 2924 2574 2966 esto
2610 2912 2764 2965 facile

616 3004 919 3067 intelligitur
970 3004 1023 3051 in
1060 3018 1197 3063 eum,
1253 3017 1403 3067 quem
1451 3004 1624 3055 adnot.
1673 3002 1853 3067 Eclog.
1891 3018 1938 3055 ν.
1980 3004 2042 3053 19
2078 3018 2127 3067 p.
2165 3003 2230 3053 35
2277 3002 2474 3068 aliquot
2517 3002 2764 3065 exemplis

618 3094 852 3138 testatum
890 3087 1117 3149 fecimus,
1158 3088 1360 3136 modum
1396 3089 1724 3153 depravatum
1761 3103 1875 3139 esse
1911 3103 2083 3139 eorum
2117 3088 2440 3152 potissimum
2479 3088 2762 3136 temeritate

620 3174 707 3238 qui
757 3174 1143 3223 recordarentur
1176 3174 1335 3223 verba
1381 3174 1433 3223 in
1479 3175 1583 3224 odii
1627 3173 1992 3238 significatione
2043 3174 2167 3237 poni
2213 3172 2392 3221 solita:
2444 3172 2566 3221 iste
2619 3179 2764 3221 tuus
2857 3194 2864 3199 ’

620 3258 819 3323 <Burm.
857 3258 1065 3309 Petron.
1104 3262 1135 3311 9
1170 3276 1219 3325 p.
1258 3262 1319 3311 51
1360 3274 1435 3323 sq.
1472 3268 1524 3309 et
1560 3259 1834 3311 claudian.
1871 3257 1990 3310 Ruf.
2028 3259 2071 3308 1.
2111 3259 2210 3309 369
2246 3274 2294 3322 p.
2315 3255 2424 3321 64),
2459 3271 2566 3307 uon
2600 3270 2765 3307 recor-

620 3346 869 3395 darentur
914 3343 1084 3395 Ovidii
1132 3346 1425 3411 exemplum
1462 3345 1615 3395 Trist.
1653 3344 1748 3398 IV.
1788 3346 1836 3405 3,
1875 3346 1964 3395 72:
2018 3342 2426 3407 Exemplumque
2481 3336 2604 3391 mihi
2647 3356 2766 3391 con-

612 3430 753 3495 jugis
792 3437 925 3481 esto
962 3431 1177 3493 bonae‚“
1215 3432 1356 3497 quod
1394 3446 1507 3481 cum
1546 3430 1637 3480 alii
1673 3429 1879 3495 sequuti
1915 3436 2033 3480 sunt
2067 3434 2174 3477 tum
2221 3436 2376 3493 poeta
2421 3434 2619 3477 nostras
2665 3426 2766 3477 hoc

619 3529 797 3566 versu:
834 3516 987 3566 Esto
1025 3518 1273 3567 salutatus
1310 3524 1510 3581 tempus
1546 3517 1596 3565 in
1635 3530 1785 3567 omne
1825 3515 1996 3565 mihi.“
2049 3513 2279 3565 Strictim
2311 3528 2424 3563 eam
2447 3512 2766 3563 insolentiam

618 3601 787 3667 attigit
822 3601 1183 3653 Lachmanuus
1221 3604 1391 3667 Prop.⁴
1415 3600 1481 3652 V.
1519 3603 1566 3663 5,
1606 3603 1670 3653 75
1708 3617 1755 3666 p.
1777 3602 1893 3661 368,
1931 3607 2049 3665 post
2085 3615 2202 3649 eum
2239 3598 2364 3649 Luc.
2392 3596 2678 3647 Muellerus
2704 3598 2767 3647 de

620 3690 698 3739 Re
734 3690 888 3742 Metr.
928 3689 995 3738 V.
1022 3706 1071 3754 p.
1098 3690 1195 3741 337
1234 3689 1421 3739 omisso
1456 3688 1565 3747 ille,
1604 3688 1744 3751 quod
1780 3686 1922 3735 multi
1960 3686 2268 3739 attulerunt:
2305 3684 2507 3737 dicito
2545 3683 2609 3733 cf.
2635 3681 2764 3735 Stat.

619 3775 714 3825 XI.
750 3776 877 3826 434:
924 3791 1086 3825 exuo
1123 3775 1327 3839 regales
1364 3771 1620 3823 habit·u8.“
1681 3772 1805 3822 506:
1841 3770 2055 3835 „piabo
2091 3770 2318 3821 manusf‘
2380 3772 2504 3824 558:
2543 3768 2768 3831 „Cerno

620 3861 1066 3925 graves-oculosf‘
1140 3862 1240 3911 625
1278 3874 1523 3923 quaeso.
1598 3859 1698 3909 698
1747 3856 1994 3911 incubo,
2067 3855 2134 3906 V.
2173 3857 2238 3907 39
2275 3855 2422 3905 sero.
2495 3856 2594 3905 289
2631 3868 2768 3904 com-

620 3948 837 3997 mendo.
876 3948 975 3997 318
1012 3946 1238 4013 plango.
1276 3946 1378 3994 620
1412 3958 1543 3993 nosc
1559 3959 1607 3993 0.
1646 3944 1744 3993 622
1783 3957 1988 4007 arguo.
2060 3940 2218 3991 Recte
2255 3948 2421 3991 autem
2459 3940 2557 3988 dici
2593 3938 2766 3987 luem

622 4028 1011 4096 lymphatam
1048 4032 1205 4083 Silius
1244 4031 1389 4079 docet
1423 4028 1601 4079 XVII.
1638 4030 1728 4079 97:
1764 4028 1823 4077 It
1858 4027 1978 4077 totis
2013 4026 2216 4077 inimica
2251 4026 2386 4075 lues
2423 4038 2536 4074 cum
2572 4024 2770 4073 turbiue

622 4118 800 4167 castris
826 4118 1000 4181 Atque
1038 4116 1283 4166 alimenta
1319 4123 1465 4164 vorat
1501 4114 1714 4177 strepitu
1746 4112 2018 4162 Vulcanus
2055 4112 2242 4161 anhelo
2265 4108 2430 4159 Arida
2467 4118 2519 4159 et
2543 4125 2609 4159 ex
2635 4109 2770 4157 omni

623 4210 830 4255 manant
862 4198 1175 4251 incendia
1212 4200 1419 4251 tecto“
1459 4207 1511 4249 et
1547 4198 1635 4263 qui
1674 4199 1924 4263 „quodvis
1961 4212 2172 4262 serpens
2207 4197 2360 4246 latius
2386 4196 2572 4247 malum
2612 4195 2768 4257 luem

624 4289 757 4339 dici“
808 4287 1167 4353 comprobavit
1208 4282 1604 4351 Oudendorpius
1641 4282 1800 4349 Apul.
1837 4284 1968 4333 Met.
2001 4283 2044 4333 Ι.
2084 4300 2134 4348 p.
2172 4284 2252 4337 36.
2303 4280 2420 4333 add.
2467 4281 2592 4331 Tac.
2629 4280 2768 4332 Anu.

621 4375 691 4433 II.
730 4376 812 4426 47.
887 4371 1003 4424 Sen.
1038 4372 1195 4437 Hipp.
1235 4374 1365 4423 1017
1410 4372 1474 4426 cf.
1512 4370 1688 4424 Heius.
1728 4369 1866 4420 Δάν.
1904 4368 1948 4419 Ι.
1987 4372 2048 4421 18
2085 4386 2135 4435 p.
2177 4370 2291 4420 189.
2363 4362 2584 4419 Withof.
2611 4364 2768 4416 Misc.
