3234 4967
630 277 751 343 148
1532 281 1762 334 Αᾱηοι.
1807 282 1892 333 86.

619 471 910 544 ’IOVlOO
961 487 1153 553 Voss.
1202 512 1269 575 p.
1317 489 1423 553 26.
1514 486 1827 553 Aonios
1885 498 2174 555 cantus
2221 497 2439 554 autem
2486 498 2664 553 recte
2713 500 2781 555 et

622 590 865 659 usitate
929 593 1059 659 dici
1086 592 1361 677 ⁴'docent
1414 592 1605 659 Silius
1652 593 1841 659 VIII.
1897 592 2058 659 595:
2122 595 2398 659 Mantua
2441 596 2777 679 Musarum

628 698 859 764 domus
906 708 1101 789 atque
1151 699 1236 765 ad
1285 700 1503 765 sidera
1548 709 1794 765 cantu
1839 700 2096 768 Evecta
2139 700 2426 765 Aonio.
2459 698 2578 765 XI.
2611 701 2774 767 484:

620 798 905 871 Pectora
974 805 1345 873 Castalio
1416 806 1766 893 frangebat
1833 808 2180 871 carmine
2251 804 2632 877 Teuthras‘f
2711 815 2779 874 et

623 906 871 978 Statius
929 910 1087 977 Silv.
1141 910 1210 974 V.
1274 914 1336 995 3,
1384 912 1506 977 44:
1570 912 1922 977 carmine
1969 910 2212 1001 plango
2258 913 2554 978 Pierio,
2610 914 2785 1003 102:

626 1021 764 1084 sive
826 1041 975 1084 orsa
1028 1016 1276 1085 libebat
1334 1016 1628 1083 Aoniis
1687 1018 1936 1083 vincire
1996 1018 2208 1083 modis
2226 1022 2267 1056 “
2315 1027 2382 1084 et
2427 1016 2537 1107 qui
2585 1026 2652 1083 et
2697 1042 2770 1085 re

624 1133 692 1192 et
738 1124 959 1191 verbis
1018 1118 1319 1210 concinit,
1379 1124 1742 1191 Politianus
1799 1126 1869 1190 in
1919 1123 2175 1211 Ecloga
2220 1124 2448 1190 Manto
2493 1148 2558 1212 p.
2608 1124 2772 1190 296:

621 1230 901 1296 Viderat
975 1270 1063 1279 ——
1136 1230 1399 1297 domitis
1470 1231 1788 1297 tumidam
1863 1239 1950 1315 te,
2017 1230 2319 1314 Graecia,
2399 1229 2620 1297 Persis
2691 1270 2779 1279 ——-

622 1336 905 1403 Viderat
964 1338 1043 1402 ¹et
1118 1346 1356 1403 cantu
1422 1338 1696 1405 Aonio
1767 1335 2170 1427 eloquiisque
2249 1336 2596 1425 superbam
2677 1341 2774 1431 Ire

624 1444 901 1509 altum.“
989 1444 1084 1509 Ut
1131 1443 1213 1508 de
1245 1443 1556 1510 Messalla
1598 1454 1666 1509 et
1696 1467 1914 1510 rerum
1947 1444 2386 1531 gerendarum
2433 1453 2500 1535 et
2545 1452 2776 1510 cantus

624 1548 1169 1639 expromendi
1218 1548 1507 1638 (Catull.
1571 1550 1678 1634 65,
1749 1552 1790 1615 3
1853 1551 1934 1615 cf.
1994 1548 2304 1637 Fulgent.
2359 1546 2528 1638 Virg.
2583 1549 2776 1619 Cont.

622 1682 687 1745 p.
738 1658 885 1723 737.
936 1658 1205 1739 Quaest.
1258 1656 1338 1720 de
1372 1657 1659 1721 Tanusio
1706 1658 1819 1723 lV.
1867 1680 1932 1745 p.
1981 1656 2098 1747 33)
2145 1656 2322 1722 idem
2369 1665 2569 1745 poeta
2613 1658 2779 1721 fece-

623 1765 711 1828 rit
754 1762 1092 1851 judicium,
1142 1761 1319 1850 quod
1368 1762 1449 1826 de
1494 1762 1789 1827 Pediano
1823 1762 2020 1829 Silius
2050 1763 2196 1829 ΧΠ.
2233 1762 2395 1832 2173
2445 1784 2558 1827 seu
2604 1760 2779 1827 bella

624 1870 829 1934 cieret
874 1868 1005 1935 Seu
1052 1870 1275 1933 Musas
1322 1868 1617 1956 placidus
1651 1868 2014 1956 doctaeque
2049 1868 2309 1951 silentia
2339 1869 2515 1934 vitae
2548 1868 2779 1935 Mallet

624 1985 690 2040 et
733 1974 998 2040 Aonio
1045 1972 1363 2062 plectro
1410 1974 1700 2041 mulcere
1746 1974 2026 2059 laboreS,
2089 1976 2239 2041 Non
2283 1974 2483 2041 ullum
2544 1974 2776 2040 dixere
2839 2032 2864 2054 ,

621 2105 849 2171 parem
894 2104 1018 2147 nec
1063 2082 1283 2146 notior
1330 2080 1495 2147 alter
1542 2081 1835 2149 Gradivo
1872 2082 2140 2171 juvenis
2184 2105 2308 2147 nec
2352 2080 2622 2147 Phoebo
2673 2104 2782 2147 no-

623 2189 757 2253 tior
803 2186 987 2253 alter.
1002 2192 1043 2225 “
1088 2188 1344 2253 Eadem
1388 2188 1590 2273 igitur
1636 2212 1760 2276 ope
1793 2188 2002 2255 Statio
2049 2188 2156 2253 hic
2203 2189 2606 2254 succurritur
2650 2210 2788 2281 non,

622 2296 835 2359 minus
880 2293 1328 2382 probabiliter,
1392 2317 1583 2383 quam
1632 2318 1672 2359 a
1719 2292 2058 2360 Gronovio
2107 2295 2169 2358 ei
2215 2294 2358 2359 loco
2408 2292 2599 2387 (silv.
2647 2294 2784 2387 II'I.¹

626 2403 688 2483 3,
744 2400 881 2489 32),
953 2402 1021 2466 in
1092 2424 1220 2490 quo
1288 2423 1409 2488 pro
1468 2399 1781 2465 Aonias
1842 2399 1991 2465 libri
2049 2400 2374 2489 praebent
2439 2400 2780 2483 animas,

626 2516 1032 2590 aeternaS,
1090 2508 1563 2589 autonniaS,
1614 2506 2003 2573 subventum
2053 2530 2194 2573 esse
2245 2530 2470 2574 omnes
2519 2491 2788 2572 consenss

628 2622 867 2679 serunt.
904 2624 907 2627 ’
944 2614 1173 2704 Neque
1224 2614 1285 2677 ei
1330 2614 1629 2703 instituto
1676 2635 1808 2677 non
1857 2614 2304 2700 suffragantur
2349 2608 2784 2703 ipse‘Statius

625 2719 707 2784 V.
744 2720 807 2802 2,
843 2720 961 2783 71:
1011 2720 1103 2784 At
1149 2719 1270 2784 tibi
1314 2718 1646 2785 Pieriae
1695 2727 1922 2803 tenero
1971 2720 2092 2787 sub
2153 2730 2422 2809 pectore
2483 2722 2784 2785 curae“

630 2824 1159 2914 Claudianusque
1184 2826 1259 2891 L.
1287 2824 1511 2892 Seren.
1545 2826 1699 2893 1463
1732 2826 2048 2892 Pierius
2079 2825 2304 2894 labor
2329 2837 2396 2892 et
2423 2849 2586 2915 quos
2608 2825 2786 2891 locos

631 2931 849 2998 attulit
894 2932 1385 2998 Wernsdorfius
1432 2932 1672 3028 Avien.
1720 2934 1805 2999 D.
1856 2933 1937 2998 O.
1987 2934 2028 3009 5
2074 2957 2137 3022 p.
2190 2934 2317 2999 725
2365 2958 2460 3022 sq.

648 3050 655 3055 '
803 3039 1388 3105 Verumenimvero
1474 3062 1642 3128 quae
1719 3063 1960 3127 magna
2043 3038 2327 3129 quadam
2413 3063 2558 3111 cum
2627 3062 2785 3133 cura

630 3148 968 3229 suasimus,
1042 3169 1121 3211 ea
1170 3149 1311 3236 jam
1356 3147 1505 3235 'ipsi
1565 3146 1990 3236 repudiamus
2049 3156 2298 3212 certum
2363 3155 2583 3241 tamen
2629 3145 2783 3213 inde

626 3255 911 3319 fructum
954 3253 1231 3341 capturi.
1308 3252 1574 3319 Etenim
1622 3253 1912 3319 nondum
1948 3279 2004 3319 v.
2055 3254 2139 3319 86
2189 3276 2267 3319 eo
2314 3276 2453 3337 rem
2502 3278 2542 3319 a
2585 3263 2784 3344 poeta

629 3359 979 3426 deductam
1013 3382 1176 3443 esse,
1223 3368 1293 3424 ut
1324 3368 1475 3449 apte
1510 3369 1576 3425 et
1608 3360 1946 3426 commode
1993 3361 2303 3448 primae
2353 3352 2784 3451 doctrina-'el

626 3466 995 3532 rudimenta
1026 3467 1447 3548 referrentur,
1484 3465 1822 3532 declarant
1853 3468 1999 3553 ipsa
2029 3466 2268 3533 verba:
2319 3466 2463 3534 Oui
2509 3488 2786 3535 nomen

629 3595 789 3638 vox
835 3574 1095 3661 prima
1141 3594 1410 3637 meum.
1433 3576 1473 3611 “
1518 3574 1659 3638 Nec
1703 3572 1755 3637 si
1801 3574 1945 3662 quis
1975 3570 2122 3638 illa:
2171 3571 2492 3664 ludusque
2541 3572 2782 3659 tenello

627 3703 919 3747 versus
987 3703 1205 3745 meus
1277 3683 1475 3745 erat“
1543 3682 1611 3745 in
1672 3680 1843 3745 hanc
1875 3689 2156 3769 partem
2217 3680 2536 3772 explicari
2589 3679 2782 3771 velit:

629 3786 1239 3875 „quemadmodum
1320 3788 1620 3852 Honorio
1699 3787 1932 3853 infanti
2006 3809 2235 3887 regum
2313 3789 2616 3871 exuviae,
2692 3788 2794 3879 ita

626 3894 782 3958 huic
826 3916 1031 3997 puero
1078 3902 1372 3981 poetae
1421 3893 1680 3960 Statii
1734 3888 2108 3959 volumen
2147 3890 2344 3959 ludus
2390 3894 2600 3977 fuit“,
2649 3886 2786 3957 sen-

630 3992 984 4065 tentiarum
1034 4000 1247 4079 ordini
1294 4008 1489 4087 atque
1536 4001 1904 4087 integritati
1933 4022 2090 4065 vere
2124 4000 2489 4070 consultum
2521 4000 2786 4065 videtur

633 4128 797 4171 esse.
889 4105 1113 4213 Itaque
1174 4104 1528 4171 tollendam
1585 4104 1667 4169 de
1713 4106 1930 4171 medio
1978 4128 2318 4173 censemus
2365 4129 2508 4172 esse
2555 4128 2786 4171 vocem

631 4210 891 4277 ludus.
986 4211 1111 4308 Cui
1169 4213 1318 4275 voci
1375 4212 1443 4276 id
1492 4214 1737 4278 erroris
1785 4235 1994 4300 genus
2043 4220 2256 4277 ortum
2305 4210 2564 4287 dedisse
2611 4213 2788 4278 vide-

631 4328 759 4403 tur,
822 4318 905 4383 de
953 4340 1079 4406 quo
1132 4298 1415 4383 diximus
1460 4342 1523 4383 v.
1577 4320 1660 4383 10
1707 4328 1774 4383 et
1821 4318 1920 4383 77.
1973 4317 2127 4415 add.
2176 4318 2398 4393 adnot
2431 4342 2492 4384 v.
2543 4316 2649 4383 46.
2700 4318 2781 4382 cf.
