3234 4967
1322 399 1615 462 Conject.
1653 398 1749 448 x1.
2497 378 2592 449 20'1

464 585 585 627 tam
615 571 1036 633 custodiam?
1079 586 1227 637 quem
1265 571 1433 624 locum
1470 570 1774 635 perstrinxit
1801 568 2042 621 Dukerus
2069 569 2179 621 Liv.
2203 569 2410 621 XXIII.
2431 572 2512 631 20,
2535 572 2599 619 10

463 680 511 729 p.
548 663 647 713 468
686 658 749 709 cf.
790 657 914 708 Stat.
954 657 1120 708 Theb.
1157 657 1308 708 VIII.
1347 658 1473 707 220:
1510 657 1755 720 ipsaeque
1793 655 2104 704 admoenia
2137 663 2430 705 marcent
2471 652 2598 703 Ex-

466 746 610 795 cubi
626 762 657 794 a
671 744 742 793 e.“
766 744 830 796 X.
848 744 973 793 269:
991 741 1210 794 Cernitis
1231 742 1487 807 expositas
1508 742 1704 804 turpini
1719 756 1822 789 arc
1836 756 1866 789 0
1881 755 1943 789 re
1965 739 2228 790 cohortes“
2251 738 2314 791 cf.
2327 738 2598 790 claudian.

466 831 527 881 B.
568 830 685 881 Get.
723 831 844 879 368:
881 828 1056 877 famuli
1096 853 1157 861 -
1196 828 1338 875 Dum
1374 833 1672 875 marcent
1707 825 1914 889 epulis..“
2320 836 2325 840 '

599 916 717 966 Jam
756 917 819 964 de
854 913 1083 965 Senecae
1119 914 1235 963 loco
1272 912 1425 961 Herc.
1466 910 1577 961 Oet.
1620 912 1778 961 1756:

1094 1000 1182 1048 sed
1221 998 1340 1061 quid
1376 997 1511 1045 hanc
1547 1005 1786 1045 moestam
1823 996 1992 1044 intuor

804 1080 928 1136 Sinu'
968 1084 1265 1148 gerentem?
1301 1083 1543 1145 reliquias
1579 1081 1752 1144 magni
1786 1080 2021 1129 Herculis

808 1162 1144 1233 cineremque
1176 1169 1436 1231 jactans
1475 1168 1784 1230 squallidum
1821 1164 2071 1213 Alcmene
2108 1164 2241 1227 gerit

467 1258 668 1316 rectius,
709 1272 857 1321 quam
882 1254 1101 1304 Bothius
1138 1254 1342 1303 verbum
1382 1252 1694 1301 tractandi
1733 1252 1859 1300 illud
1898 1250 2101 1315 quidem
2128 1249 2344 1313 saepius,
2383 1257 2437 1297 ut
2465 1247 2624 1298 dixi-·

467 1359 591 1405 mus,
630 1343 881 1391 aemulum
908 1340 1318 1389 substituendum
1346 1354 1457 1389 esse
1483 1338 1768 1397 arbitratae,
1807 1336 1963 1385 sensit
1988 1334 2276 1385 Gronovius
2301 1351 2349 1399 p.
2374 1336 2469 1384 709
2507 1350 2602 1385 nec

465 1446 588 1479 vero
626 1435 715 1478 aut
740 1428 874 1490 quod
900 1428 1008 1491 ipse
1035 1426 1409 1488 conjectaverat
1444 1438 1513 1473 ve
1530 1430 1712 1473 ctans
1751 1421 1996 1485 exemplis
2023 1420 2243 1470 Senecae
2263 1419 2416 1484 Hipp.
2444 1422 2572 1469 1247
2588 1434 2600 1470 1

466 1516 567 1563 huc
604 1515 841 1577 reliquias
877 1512 1097 1561 vehite
1134 1512 1238 1559 cari
1284 1508 1539 1573 corporis“
1590 1506 1844 1570 Statiique
1883 1506 2042 1555 Theb.
2081 1506 2182 1555 IV.
2220 1506 2340 1556 723:
2393 1505 2600 1571 clypeos

468 1597 771 1649 vectare“
812 1596 898 1657 (cf.
937 1597 1093 1661 Prop.
1131 1595 1229 1645 111.
1270 1598 1317 1654 2,
1354 1596 1435 1645 46.
1476 1592 1581 1645 Sin.
1607 1594 1673 1647 V.
1713 1596 1742 1641 2
1781 1610 1828 1657 p.
1850 1594 1916 1641 84
1952 1599 2056 1642 not.
2097 1592 2198 1654 18),
2235 1600 2323 1639 aut
2359 1592 2424 1651 id,
2465 1592 2598 1653 quod

468 1701 645 1735 verum
682 1692 772 1743 est,
809 1683 1119 1732 confirmavit
1154 1682 1377 1744 ejusdem
1417 1676 1565 1729 Statii
1601 1680 1718 1729 loco
1753 1677 1849 1729 IV.
1887 1680 2012 1728 571:
2051 1677 2305 1727 Aeoliden
2345 1677 2602 1725 humero

462 1772 815 1833 jactantem
852 1768 1043 1817 funus
1080 1765 1309 1816 onust0.“

605 1856 755 1917 Quod
789 1855 951 1919 ipsum
990 1854 1195 1901 verbum
1236 1852 1491 1900 Valerio
1527 1852 1764 1901 Flacco
1800 1850 1895 1898 VI.
1935 1852 2060 1901 555:

841 1939 1115 2002 Sanguinis
1150 1937 1238 1985 ille
1276 1937 1459 2000 globos
1496 1934 1759 2000 effusaque
1793 1937 1988 1985 viscera
2023 1940 2238 1999 gestat

471 2028 609 2076 reddi
646 2034 898 2091 praestat:

1280 2107 1541 2172 effusaque
1577 2108 1776 2157 viscera
1803 2108 1910 2170 jac
1926 2114 2042 2167 tat,

476 2212 626 2261 quam
666 2197 797 2261 quod
836 2196 997 2245 voluit
1032 2187 1309 2245 Francius:
1349 2194 1563 2243 calcat
1598 2192 1662 2243 cf.
1702 2193 1872 2245 Burm.
1901 2191 2044 2245 Ovid.
2068 2192 2193 2241 Met.
2214 2192 2281 2241 X.
2303 2180 2466 2257 721'p.
2490 2194 2603 2243 740.

468 2284 665 2331 Eodem
704 2283 835 2331 enim
872 2281 1019 2331 modo
1058 2289 1319 2346 peccatum
1358 2296 1389 2329 a
1426 2278 1642 2327 librariis
1679 2278 1906 2327 videmus
1943 2280 2080 2344 apud
2098 2277 2362 2327 Lucanum
2382 2278 2454 2327 11.
2480 2280 2603 2329 160:

474 2366 627 2417 Colla
661 2368 846 2416 ducum
891 2367 998 2431 pilo
1048 2367 1293 2431 trepidam
1340 2372 1597 2429 gestata
1643 2379 1734 2429 per
1779 2364 1968 2414 urbem.
2042 2363 2094 2414 S.
2134 2362 2300 2413 Germ.
2349 2363 2606 2426 jactata

470 2463 521 2503 et
556 2452 887 2503 Claudianum
926 2450 1042 2502 Ruf.
1070 2452 1139 2503 ΙΙ.
1166 2440 1292 2503 345ε
1331 2450 1578 2514 Collaque
1614 2448 1833 2499 femineo
1869 2450 2166 2512 jactabat
2199 2449 2373 2498 mollia
2409 2450 2606 2512 gestu‚“

471 2540 588 2589 Vat-
627 2554 725 2589 sec.
763 2538 914 2587 Farn.
953 2538 1153 2591 Thurin,
1191 2536 1327 2586 Flor.
1354 2538 1489 2587 Maz.
1516 2537 1703 2585 Moret.
1743 2549 1846 2585 sec.
1883 2535 2178 2597 gestabat.
2244 2534 2348 2584 Sed
2373 2536 2436 2583 de
2459 2533 2603 2584 Statii

473 2640 621 2674 versu
660 2625 825 2675 Theb.
863 2622 985 2673 VII.
1024 2624 1151 2672 626:

757 2703 915 2757 Lenis
952 2707 1119 2757 adhuc
1155 2706 1461 2773 frondesque
1499 2714 1550 2757 et
1585 2714 1769 2771 aperta
1807 2706 2327 2769 cacuminagestat

471 2795 817 2843 aversissimus
854 2809 886 2841 a
920 2793 1108 2841 Kochii
1134 2792 1366 2856 Conject,
1403 2795 1453 2841 in
1482 2794 1624 2843 Poet.
1646 2793 1758 2841 Lat.
1782 2792 1836 2843 P.
1860 2791 1911 2840 11
1947 2808 1996 2855 p.
2021 2794 2084 2839 10
2112 2791 2346 2841 invento:
2384 2801 2603 2853 vexat,

471 2880 607 2943 quod
645 2896 759 2930 cum
794 2879 934 2927 venti
960 2878 1164 2927 lenitate
1190 2894 1375 2943 parum
1404 2894 1686 2943 congruere
1712 2878 1961 2935 videatur,
2000 2891 2060 2925 eo
2091 2876 2284 2926 inclino
2309 2885 2462 2941 atque
2489 2893 2603 2942 pro-

468 2966 687 3031 pende0‚
725 2970 781 3013 ut
816 2967 1029 3014 cestat
1066 2961 1319 3029 (portat
1354 2964 1465 3013 cod.
1504 2972 1603 3028 opt.
1632 2960 1838 3025 Barth.)
1875 2963 1984 3012 fieri
2020 2962 2172 3012 velim
2211 2962 2417 3011 verbum
2447 2962 2604 3026 paulo

472 3052 815 3103 reconditius:
852 3050 1127 3114 crispat:

1286 3144 1336 3185 et
1370 3143 1545 3201 aperta
1583 3135 1844 3186 cacumina
1881 3135 2152 3199 crispat,

470 3222 610 3283 cujus
644 3223 743 3271 vim
782 3231 833 3271 et
867 3238 1013 3271 usum
1058 3222 1145 3285 qui
1192 3220 1537 3285 explanarunt
1572 3217 1841 3271 Wowerus
1879 3226 1932 3268 et
1968 3218 2375 3270 Elmenh'orstius
2412 3218 2602 3270 Minue.

458 3300 582 3355 Pel.
620 3308 651 3355 3
689 3323 735 3370 p.
774 3308 839 3357 23
876 3323 948 3371 sq.
986 3314 1037 3357 et
1072 3307 1316 3357 Barthius
1352 3306 1486 3359 Adv.
1524 3304 1753 3358 XXXV.
1776 3308 1804 3354 2
1825 3322 1874 3371 p.
1899 3306 2032 3355 1590
2068 3312 2119 3355 et
2155 3304 2311 3355 Rutil.
2338 3304 2402 3355 It.
2427 3304 2499 3355 11.
2524 3306 2602 3355 13.

469 3408 519 3456 p.
558 3392 656 3441 173
694 3392 969 3441 omiserunt
1006 3400 1057 3442 et
1096 3393 1417 3443 Ammianum
1453 3392 1612 3443 Marc.
1649 3392 1802 3444 XIV.
1825 3393 1948 3450 2‚7:
1986 3406 2080 3441 nec
2116 3398 2348 3441 exertarc
2383 3391 2601 3441 lacertos

471 3492 566 3527 nec
602 3478 886 3543 crispare
921 3479 1151 3542 permissi
1184 3478 1315 3529 tela“
1358 3474 1525 3543 (cujus
1550 3493 1614 3527 nc
1637 3476 2089 3527 Drakenborchius
2114 3478 2315 3541 quidem
2341 3476 2432 3529 Sil.
2456 3476 2605 3526 VIII.

472 3564 572 3613 374
606 3580 655 3628 p.
695 3566 794 3614 120
832 3565 1079 3615 rationem
1121 3564 1297 3613 habuit
1340 3565 1403 3613 cf.
1450 3563 1676 3616 Ermold.
1726 3564 1916 3626 Nigell.
1953 3562 1995 3614 I.
2034 3564 2157 3614 515:
2203 3578 2297 3612 rex
2340 3563 2448 3628 ipse
2496 3564 2607 3627 pius

472 3650 775 3715 crispans
811 3650 995 3711 hastile
1020 3648 1262 3699 lacert0.“
1303 3645 1404 3699 111.
1426 3650 1549 3701 383:
1587 3650 1818 3699 manibus
1843 3650 2021 3699 crebro
2051 3650 2343 3713 crispans
2369 3648 2606 3713 hastile“)

370 3766 378 3777 .
473 3746 524 3784 et
547 3735 831 3785 Ausonium
858 3738 1062 3790 Mosell,
1091 3737 1178 3786 63:
1217 3736 1365 3797 Quod
1406 3737 1603 3786 sulcata
1639 3731 1740 3785 levi
1779 3736 2117 3800 crispatur
2153 3750 2349 3783 arena
2384 3734 2603 3785 meatu.“

472 3823 631 3871 Anth.
672 3824 781 3875 Lat.
821 3822 889 3873 V.
928 3826 1041 3881 112,
1082 3825 1143 3873 19
1180 3839 1228 3886 p.
1267 3823 1394 3873 383:
1443 3822 1659 3871 tremulo
1707 3821 2084 3885 crispentur
2121 3820 2390 3869 caerula-
2433 3818 2602 3869 motu“

474 3905 742 3967 (Gulielm.
780 3908 1197 3961 Brit.VI1.255:
1236 3908 1446 3957 radios
1472 3907 1694 3955 tremulis
1722 3907 2056 3971 crispabat
2078 3908 2130 3955 in
2157 3903 2349 3959 undis.“
2390 3903 2456 3955 X.
2486 3906 2608 3956 687:

474 3993 926 4057 crispantibus
962 3996 1163 4059 agmina
1198 3990 1446 4057 signis.“
1489 3992 1700 4041 Gualth.
1736 3992 1898 4042 Alex.
1924 3993 1964 4042 Ι.
1987 3995 2109 4042 521:
2158 3992 2338 4041 Aurea
2378 3992 2609 4043 rorifluos

476 4080 816 4144 crispabat
850 4080 1040 4129 lamina
1066 4076 1301 4143 crines“).
1341 4078 1609 4130 Claudian.
1637 4079 1732 4128 IV.
1761 4076 1914 4127 Cons.
1941 4077 2078 4127 Hon.
2107 4079 2234 4129 553:
2273 4077 2611 4142 crispatur

472 4180 762 4230 purpura
798 4164 977 4215 vento“
1032 4162 1119 4231 (cf.
1156 4163 1328 4215 Schol.
1367 4164 1485 4215 Vet.
1524 4162 1651 4213 Stat.
1690 4164 1852 4218 Theb,
1890 4163 2040 4213 VIII.
2079 4165 2178 4215 568
2227 4180 2274 4227 p.
2312 4164 2440 4213 906:
2488 4178 2610 4213 auro

472 4249 693 4314 crispo
732 4258 785 4299 et
822 4267 853 4299 a
889 4252 1107 4301 ventis
1142 4248 1556 4311 ventilato“).
1627 4249 1920 4298 Ennodium
1960 4247 2126 4299 Carm.
2165 4249 2206 4299 1.
2247 4250 2278 4299 6
2314 4265 2363 4313 p.
2403 4248 2607 4300 31⁷.C:

472 4335 707 4386 Lintea
744 4337 783 4383 si
822 4337 1119 4401 crispant
1154 4336 1375 4401 Zephyri
1411 4335 1685 4399 pendentia
1720 4334 1902 4385 male.“
1945 4337 1974 4383 7
2011 4352 2060 4399 p.
2099 4336 2216 4385 319.
2251 4334 2322 4383 B:
2371 4335 2610 4383 Lintea

472 4436 588 4471 nam
624 4422 827 4471 summis
864 4423 979 4472 dum
1020 4423 1316 4484 crispant
1350 4436 1486 4470 nexa
1522 4416 1833 4471 ceruchis-
1863 4420 2110 4471 flamina.“
2154 4419 2414 4469 Sidonium
2445 4420 2607 4483 Apol-
