3234 4967
650 334 747 389 194
1506 332 1789 397 Conjeet.
1825 334 1922 385 Ix.

647 506 891 557 bitramur
943 521 1079 567 esse,
1133 514 1189 555 ut
1234 504 1355 557 silv.
1393 506 1489 557 IV.
1529 507 1576 565 6,
1612 508 1703 557 91:
1757 514 1898 557 casta
1951 490 2284 572 ignaraque
2341 508 2570 572 culpae
2627 509 2776 559 Mens

646 590 853 651 domini,
896 592 974 641 cui
1012 592 1180 657 prisca
1213 588 1365 643 fides“
1418 600 1467 641 et
1502 593 1573 642 11.
1612 594 1734 683 ffll:
1791 598 1960 643 vatum
1993 594 2377 658 sapientumque
2413 610 2504 645 ora
2537 594 2776 659 priorum,

648 672 791 737 Quos
828 676 916 725 tibi
954 692 1077 725 cura
1114 676 1275 742 sequi,
1318 691 1443 740 quos
1470 684 1572 727 toto
1596 684 1803 741 pectore
1827 678 2000 739 sentis,
2035 678 2238 742 Expers
2273 679 2493 744 culpat
2509 696 2600 729 um
2624 688 2778 743 atque

650 760 871 813 animum
896 760 1077 811 virtute
1110 761 1281 827 quieta
1306 760 1628 827 compositus
1653 776 1955 827 semperque
1979 762 2150 813 tuus:“
2181 762 2278 811 hoc
2305 764 2438 815 enim
2463 764 2778 815 librariorum

648 846 858 908 injuriae
895 846 1227 909 opportunius
1265 847 1461 898 videtur
1496 846 1671 907 fuisse,
1709 861 1858 910 quam
1890 848 2024 913 quod
2050 848 2100 895 in
2127 846 2292 897 locum
2317 849 2453 899 vocis
2489 846 2778 899 curarum

650 929 847 982 suffecit
881 930 1241 981 Marklandus:
1280 932 1622 991 turbarum,
1659 932 1744 983 ille
1780 934 1981 997 quidem
2019 948 2120 983 non
2155 942 2456 999 assequutus
2481 949 2779 985 commemo-

652 1016 909 1077 rationem,
948 1030 1095 1079 quam
1132 1016 1241 1081 ipse
1279 1018 1535 1067 inchoavit
1570 1033 1630 1067 ac
1657 1018 1995 1085 praeoptavit,
2035 1020 2349 1069 candidae
2383 1020 2638 1084 gratiae
2676 1026 2780 1069 tam

650 1101 813 1151 levem
865 1109 1017 1165 atque
1062 1101 1261 1152 inanem
1310 1116 1447 1163 esse,
1505 1118 1658 1168 quam
1710 1118 1915 1167 gravem
1952 1113 2000 1153 et
2037 1104 2102 1152 ad
2144 1106 2533 1169 praedicandam
2577 1104 2779 1155 illorum
2875 1114 2878 1117 ’

652 1201 844 1237 morum
882 1186 1185 1251 probitatem
1222 1203 1291 1261 ac·
1320 1188 1644 1239 sanctitatem
1691 1186 1951 1238 efficacem
1989 1190 2524 1239 commemorationem
2567 1191 2780 1247 duorum

651 1272 873 1333 illorum,
912 1286 1041 1335 quae
1063 1272 1321 1338 praeclare
1347 1274 1443 1323 sibi
1464 1272 1778 1339 respondere
1803 1274 2093 1323 videantur:
2130 1275 2456 1325 candidorum
2480 1276 2782 1339 gaudiorum

654 1367 705 1409 et
741 1359 1019 1424 voluptatis
1073 1359 1409 1424 culparum
1463 1359 1747 1423 ignarae.
1821 1356 1971 1419 Quod
2023 1374 2055 1407 a
2091 1356 2255 1410 Statio
2307 1361 2360 1409 in
2405 1368 2621 1424 utroque
2667 1360 2781 1410 ioco

652 1445 873 1510 positum
910 1458 1020 1495 esse
1058 1443 1293 1512 diximus²
1329 1443 1461 1493 idem
1496 1443 1752 1493 invenitur
1786 1444 1918 1508 apud
1941 1444 2227 1494 Ausonium
2247 1430 2406 1509 Epist.
2433 1446 2500 1495 ad
2525 1446 2782 1497 Theodos.

655 1532 746 1580 22:
784 1530 943 1595 Inque
980 1530 1099 1580 meis
1138 1529 1349 1594 culpis
1385 1530 1451 1579 da
1486 1529 1575 1579 tibi
1612 1536 1666 1578 tu
1702 1528 1945 1583 veniam,“
2001 1528 2132 1579 Lud.
2172 1529 2315 1595 Sept.
2354 1528 2474 1596 Sap.
2513 1530 2679 1581 Praef.
2718 1532 2781 1581 ad

653 1615 827 1666 Pacat.
852 1616 941 1665 14:
979 1614 1203 1676 Fuimus,
1240 1630 1347 1665 non
1383 1614 1609 1679 culpas
1647 1628 1756 1665 esse
1793 1615 1984 1679 putabo
2008 1613 2174 1665 meas“
2216 1614 2302 1679 (cf.
2325 1615 2610 1669 Scal.Varr.
2640 1618 2700 1667 R.
2721 1616 2782 1667 R.

653 1703 693 1752 1.
722 1700 807 1765 59)
846 1709 896 1750 et
931 1700 1219 1751 Vitruvium
1256 1699 1354 1750 111.
1394 1703 1447 1751 1:
1502 1716 1712 1765 operum
1747 1700 1927 1751 laudes
1963 1708 2014 1749 et
2059 1701 2286 1765 eulpae
2331 1709 2570 1753 aeternae
2617 1703 2786 1753 solent

658 1785 1005 1854 permanere.“
1079 1785 1271 1849 Puncg.
1309 1785 1531 1847 Bercng.
1570 1786 1611 1837 Ι.
1653 1787 1774 1835 119:
1828 1786 1932 1835 Pro
1979 1780 2192 1853 culpis
2240 1787 2447 1837 abolere
2495 1788 2667 1838 viros“
2721 1788 2782 1837 cs.

658 1873 802 1937 Virg.
841 1870 1031 1935 Georg.
1069 1871 1139 1921 11.
1176 1872 1305 1921 455:
1358 1870 1595 1921 Bacchus
1641 1879 1690 1920 et
1735 1873 1802 1920 ad
1853 1871 2079 1937 culpam
2127 1887 2332 1923 caussas
2378 1873 2530 1923 dedit,
2605 1872 2784 1922 Perrh.

660 1960 879 2025 culpas.
952 1956 1141 2007 Lucan.
1180 1954 1305 2007 vn.
1342 1956 1467 2007 262:
1514 1956 1816 2021 gladiosque
1865 1958 2108 2009 exsolvite
2155 1957 2337 2022 culpa.
2393 1959 2537 2012 codd.
2593 1958 2788 2022 aliquot

660 2044 798 2099 Cort.
838 2052 889 2095 et
908 2042 1039 2096 Oud.
1078 2041 1402 2112 gladiisque
1439 2040 1753 2107 (gladioque)
1791 2041 2032 2093 exsolvite
2069 2044 2173 2093 cul
2186 2040 2352 2109 pas,“
2395 2043 2576 2109 quibus
2601 2043 2786 2093 addere

656 2132 801 2195 juvat
835 2129 980 2180 illum
1018 2127 1265 2177 encaenia
1301 2127 1661 2178 celebrantium
1701 2128 1956 2193 hymnum,
1993 2144 2144 2194 quem
2179 2144 2340 2194 nuper
2377 2130 2574 2193 egregie
2609 2144 2786 2193 recog-

660 2218 802 2267 novit
836 2214 1146 2265 Adalbertus
1189 2212 1375 2272 Daniel
1412 2229 1461 2277 p.
1484 2215 1539 2265 5:
1593 2211 1798 2264 Christe
1853 2222 2148 2265 cunctorum
2197 2215 2482 2265 dominator
2528 2214 2659 2263 alme
2696 2226 2787 2264 —-:

658 2297 861 2353 Laticcs
907 2306 1137 2349 veternas
1173 2298 1391 2347 Diluunt
1444 2298 1722 2363 culpas.“
1792 2299 1972 2363 Itaque
2023 2301 2097 2349 sic
2135 2300 2300 2349 extitit
2351 2299 2474 2349 olim
2510 2299 2600 2350 ille
2645 2299 2788 2349 locus

661 2390 890 2453 scriptun,
929 2395 985 2435 ut
1020 2386 1251 2450 equidem
1290 2384 1511 2433 arbitror
1546 2382 1705 2447 (conf.
1745 2383 1978 2448 Conject.
2013 2385 2194 2448 XIV):

932 2472 1117 2535 Tuque
1155 2486 1323 2519 nurus·
1348 2470 1482 2521 iuter
1516 2466 1744 2533 (Latias)
1781 2470 2132 2535 pulcherrima,
2169 2470 2316 2534 cujus

934 2558 1054 2608 Non
1091 2554 1304 2606 frontem
1340 2554 1646 2606 insedere
1683 2555 1866 2615 minae,
1902 2556 2298 2619 praecordia
2335 2570 2528 2606 curae

932 2641 1070 2693 Non
1106 2656 1393 2705 umquam
1430 2648 1690 2691 traxere
1725 2640 1958 2701 malae,
1995 2642 2082 2691 sed
2121 2641 2336 2691 candida
2372 2657 2570 2707 semper

936 2728 1135 2779 Gaudia
1172 2732 1225 2778 et
1258 2726 1311 2777 in
1346 2726 1491 2777 vultu
1526 2726 1855 2791 culparum
1891 2727 2073 2791 ignara
2110 2728 2357 2792 voluptas,

797 2818 859 2868 Iu
896 2815 1110 2865 eundem
1148 2828 1409 2863 numerum
1446 2812 1838 2863 adscribendum
1875 2812 2006 2863 duco
2043 2828 2242 2863 versum
2282 2812 2402 2866 silv
2440 2812 2510 2863 ΙΙ.
2517 2815 2610 2884 6,
2633 2815 2724 2864 54:

934 2900 1131 2964 Dignus
1168 2905 1217 2949 et
1250 2898 1590 2949 Haemonium
1623 2898 1856 2963 Pyladen
1891 2899 2192 2963 praecedere
2226 2896 2362 2948 fama

934 2983 1334 3050 Cecropiamque
1371 2983 1536 3043 fidem,

667 3078 752 3127 ubi
790 3074 918 3125 salso
954 3070 1211 3137 proditum
1249 3082 1361 3119 esse
1397 3069 1808 3119 Haemonium
1827 3070 2061 3135 Pyladen
2095 3076 2213 3119 ante
2234 3069 2604 3125 Marklandum
2639 3069 2788 3120 Hein-

666 3164 769 3213 sius
804 3159 1069 3226 perspexit
1104 3162 1167 3215 ct,
1203 3154 1253 3204 id
1293 3155 1429 3219 quod
1467 3169 1640 3205 omnes
1675 3154 1886 3216 fefellit,
1923 3156 2221 3216 accuratius,
2267 3171 2416 3220 quam
2453 3154 2602 3207 ovid.
2641 3156 2791 3205 Trist.

664 3248 707 3296 Ι.
747 3249 794 3305 9,
831 3246 896 3295 27
932 3242 1117 3309 p.486,
1156 3240 1329 3290 docuit
1362 3238 1493 3293 Λᾶν.
1529 3237 1601 3291 ΙΙ.
1642 3242 1666 3287 1
1707 3256 1754 3303 p.
1783 3243 1907 3292 201:
1959 3232 2403 3300 Haemonium,
2449 3241 2643 3304 inquit,
2692 3241 2792 3304 ju·-

668 3345 913 3381 venem:
966 3328 1037 3377 sic
1084 3333 1308 3376 vetustus
1357 3325 1545 3376 codex:
1602 3326 1766 3389 tangit
1807 3340 2030 3375 amorem
2066 3325 2286 3375 Achillis
2332 3335 2384 3375 et
2419 3326 2658 3376 Patrocli.
2731 3326 2792 3375 Iu

666 3416 886 3481 vulgatis
922 3412 1337 3463 Haemonium
1374 3411 1714 3477 Pyladem,
1762 3414 1894 3475 quod
1933 3413 2134 3463 admitti
2171 3427 2274 3461 non
2307 3419 2495 3475 potest.
2569 3411 2793 3476 Pylades

668 3503 799 3553 enim
826 3516 894 3551 ex
912 3498 1155 3558 Phocide,
1192 3512 1294 3547 non
1316 3496 1600 3549 Thessalia.
1652 3497 1830 3548 Possis
1858 3499 2038 3550 etiam:
2077 3498 2278 3561 Dignus
2316 3507 2366 3547 et
2385 3498 2793 3549 Haemoniam

666 3587 1048 3653 Pyladaeque
1082 3584 1359 3633 accedere
1394 3583 1527 3633 fama
1548 3582 1946 3649 Cecropiamque
1981 3585 2182 3635 fidem.“
2218 3584 2337 3633 Alia
2373 3577 2520 3633 nobis
2557 3598 2694 3633 mens
2721 3591 2797 3633 cst

667 3671 1011 3725 recolentibus
1038 3677 1089 3721 et
1110 3670 1253 3719 locos
1272 3668 1439 3720 Ovidii
1458 3668 1593 3719 Fast.
1615 3668 1654 3723 Ι.
1676 3671 1805 3720 490:
1843 3672 1895 3719 in
1931 3670 2142 3719 Aonia
2177 3670 2396 3719 constitit
2431 3668 2554 3718 exul
2590 3664 2794 3721 humo.“

665 3761 851 3810 Bavar.
907 3757 1107 3807 conia.
1162 3762 1265 3806 tres
1324 3755 1469 3805 codd.
1518 3755 1686 3806 Merk.
1724 3771 1756 3820 p
1796 3756 1860 3806 29
1907 3755 2240 3805 haemonia
2282 3754 2634 3818 Martialisque
2676 3754 2796 3806 vn.

666 3846 829 3908 63‚4:
862 3846 957 3893 Ao
973 3830 1203 3892 niae'-
1242 3856 1434 3901 comae.
1484 3839 1637 3893 Voss.
1663 3842 1780 3891 Put.
1805 3839 2094 3890 Haoniae
2133 3848 2186 3891 et
2221 3856 2349 3906 quos
2369 3841 2616 3891 Emendd.
2637 3840 2795 3904 Prop.

668 3929 819 3995 capiti
854 3927 922 3977 ΙΙ.
959 3930 993 3977 4
1029 3928 1387 3979 destinavimus
1425 3924 1507 3990 (ut
1542 3926 1601 3980 11.
1641 3925 1792 3976 Hom.
1829 3922 1972 3991 Epit.
2012 3928 2136 3978 ⁷46:
2182 3925 2583 3977 Dardanidum
2621 3926 2794 3975 Dana-

667 4029 853 4077 umque
905 4014 1071 4063 duces.
1128 4014 1239 4065 cod.
1275 4013 1627 4063 Dardanium
1675 4014 1738 4064 cf.
1776 4012 2002 4075 Conject.
2040 4012 2124 4075 1.).
2197 4012 2348 4063 Unde
2399 4012 2472 4061 sic
2525 4011 2794 4061 statuimus

668 4114 853 4150 nomen
890 4098 1271 4149 Haemoniae
1310 4114 1375 4148 ex
1414 4114 1561 4149 versu
1598 4100 1690 4151 33:
1727 4098 2115 4151 Haemoniae
2163 4098 2344 4147 lancea
2379 4096 2628 4149 dextrae“
2667 4112 2699 4147 a
2735 4096 2794 4147 li-

667 4185 845 4235 brariis
880 4198 1144 4249 perperam
1182 4184 1279 4236 huc
1317 4185 1636 4247 translatum,
1673 4186 1738 4236 ab
1773 4185 1884 4251 ipso
1911 4184 2072 4235 Statio
2109 4190 2280 4234 autem
2317 4182 2416 4235 hoc
2441 4183 2630 4233 dictum
2657 4195 2795 4235 esse:

668 4286 875 4335 puerum
926 4269 1071 4318 illum
1109 4271 1187 4317 vel
1225 4269 1421 4335 Pylade
1468 4271 1752 4335 (Phoceu
1793 4273 2024 4335 juvenc
2066 4269 2210 4321 ovid.
2249 4270 2402 4321 Pont.
2439 4270 2506 4322 11.
2545 4271 2592 4329 3,
2629 4271 2696 4319 43
2732 4268 2795 4319 ef.

669 4356 893 4408 Meinek.
939 4356 1101 4406 Diatr.
1139 4356 1203 4407 ad
1250 4356 1547 4409 callimach.
1584 4356 1716 4409 Pan.
1753 4359 1820 4409 49
1867 4374 1914 4422 p.
1953 4358 2068 4407 252.
2143 4357 2313 4406 Pacat.
2353 4356 2478 4407 Pan.
2521 4357 2598 4417 17,
2639 4353 2692 4417 1)
2747 4363 2798 4403 et
