3234 4967
434 1363 565 1488 ςὶ.

137 1458 546 1682 WV
605 1435 624 1601 ἲ

659 331 760 393 240
1459 326 1663 411 Con-{e
1681 332 1754 409 ct,
1788 325 1971 383 XVII.

661 517 924 568 sparsus
985 503 1038 550 in
1097 496 1272 552 aula.“.
1335 501 1452 552 979.
1492 469 1769 550 26.“Οοι·1;.
1826 495 1952 547 Luc.
1989 495 2141 546 vm.
2198 499 2298 547 100
2354 513 2402 562 p.
2440 499 2557 548 288.
2628 467 2801 552 Versu

659 581 824 636 autem
863 588 934 639 nic
971 577 1238 637 emendato
1251 577 1271 634 ⁶:
1313 576 1316 581 ’

1107 704 1198 754 His
1235 718 1526 768 sparsus,
1564 699 1664 753 nisi
1702 701 2067 766 Delphicae
2106 707 2349 760 vetarent,

1105 790 1262 840 Inous
1297 788 1431 838 freta
1467 788 1749 838 miscuisset
1782 788 2003 837 Isthmos

665 898 894 961 obruitur
929 909 1226 959 Marklandi
1261 909 1528 968 sententia,
1567 879 1717 971 quem
1742 879 1934 955 ⁴mirum
1973 913 2050 954 est
2074 907 2211 970 quod
2238 906 2504 954 doctorum
2530 911 2803 954 consensus

658 995 911 1059 judicavit
945 995 1071 1052 ista}
1142 993 1257 1042 His
1293 1007 1529 1057 parvus
1590 992 1855 1042 commode
1894 990 2182 1054 explicasse
2220 992 2599 1054 comparatione
2634 989 2802 1040 Ovidii

663 1081 787 1132 Met.
828 1075 980 1130 v111.
1019 1081 1146 1130 699:
1222 1079 1352 1140 „Illa
1407 1084 1550 1126 vetus
1605 1077 1881 1126 dominis
1938 1075 2088 1124 etiam
2145 1083 2265 1123 casa
2317 1089 2517 1137 parva
2567 1073 2796 1124 duobus‘

574 1205 581 1212 ,
667 1160 1048 1228 Claudianique
1085 1163 1180 1217 IV.
1221 1161 1382 1212 Cous,
1421 1161 1555 1211 Hon.
1592 1163 1721 1210 474:
1780 1159 1951 1222 „Gens
1989 1187 2049 1196 —-
2090 1160 2192 1207 cui
2234 1175 2469 1224 parvus
2507 1160 2679 1210 Athos
2716 1175 2805 1208 an-

663 1259 912 1314 gustaque
948 1246 1192 1299 Thrace.“

801 1335 920 1385 Jam
959 1347 1119 1398 quam
1154 1332 1472 1397 paucissimis
1513 1331 1773 1380 absolvam
1827 1333 1891 1380 de
1940 1345 2111 1380 errore
2167 1331 2279 1390 ille,
2341 1345 2432 1394 per
2488 1344 2635 1392 quem
2692 1337 2808 1393 post

667 1421 798 1470 alios
834 1419 1011 1483 lapsus
1070 1426 1147 1468 est
1181 1416 1466 1466 Merkelius
1504 1413 1653 1466 Ovid.
1692 1415 1847 1466 Trist.
1886 1414 1985 1465 111.
2026 1419 2105 1476 12,
2146 1419 2175 1464 2
2213 1432 2259 1480 p.
2301 1417 2426 1465 207:
2502 1413 2728 1478 „Statius
2765 1414 2807 1464 Ι.

669 1507 722 1565 2,
759 1505 854 1555 251
897 1502 1068 1553 Cous
1105 1502 1327 1551 iambum
1363 1501 1487 1550 fecit
1520 1515 1580 1549 ac
1609 1496 1929 1566 quantumvis
1954 1501 2291 1564 vituperatum
2327 1499 2719 1550 aValckenario
2745 1501 2808 1548 ad

669 1587 972 1639 Callimach.
1015 1587 1146 1650 eleg.
1185 1602 1236 1651 p.
1275 1587 1341 1635 30
1384 1586 1530 1658 larga
1565 1600 1719 1656 manu
1757 1577 2003 1650 eitemplis
2042 1558 2287 1635 similibus
2322 1584 2599 1634 illustravit
2634 1583 2807 1633 Mark-

666 1670 849 1722 landus
886 1671 950 1722 ad
989 1675 1035 1731 2,
1073 1674 1119 1727 2,
1156 1671 1238 1722 93.
1309 1673 1358 1730 4,
1396 1672 1444 1732 3,
1482 1669 1594 1722 595⁶
1670 1669 1827 1720 Recte
1862 1671 1992 1718 enim
2041 1679 2091 1718 et
2126 1669 2314 1719 usitate
2350 1669 2592 1733 scriptum
2631 1682 2743 1720 esse
2781 1683 2811 1716 a
2841 1663 2857 1680 ⁸

667 1755 832 1808 Statio
869 1757 989 1808 hoc:

1151 1937 1158 1945 ·
1367 1876 1503 1924 hunc
1540 1875 1651 1940 ipse
1687 1873 1817 1926 Coo
1855 1871 2142 1940 plaudente.
2169 1869 2401 1928 Philetas

976 1959 1427 2025 Callimachusque
1465 1975 1623 2011 senex
1658 1960 1952 2025 Umbroque
1988 1961 2289 2024 Propertius
2322 1967 2467 2008 antro

977 2043 1270 2096 Ambissent
1305 2044 1516 2096 laudare
1555 2047 1692 2096 diem

671 2165 846 2232 (quem
885 2167 1054 2215 locum
1093 2165 1346 2229 expressit
1383 2164 1635 2216 Barlaeus
1671 2165 1875 2218 Heroic.
1912 2148 1958 2216 1⁸.
1996 2183 2041 2230 p.
2082 2169 2172 2216 88:
2211 2166 2355 2215 Haec
2390 2167 2431 2214 si
2450 2163 2811 2228 blandiloquus

671 2257 958 2316 spectasset
983 2249 1112 2300 festa
1141 2249 1389 2309 Catullus,
1427 2250 1726 2299 Ambisse
1744 2258 1765 2298 t
1798 2249 1983 2300 festiva
2001 2247 2196 2314 loqui“)
2224 2250 2481 2300 subtiliore
2507 2237 2811 2298 obtinuimus

670 2337 974 2399 quaestione
1032 2335 1184 2384 Anal.
1239 2335 1396 2399 Prop.
1436 2335 1502 2384 V.
1541 2337 1713 2399 p.'30.
1755 2337 1848 2394 96,
1911 2336 2071 2399 (ιιῄωες
2106 2337 2367 2385 immemor
2418 2333 2515 2383 fuit
2567 2333 2810 2383 Imhofius

668 2419 917 2471 Emendd.
955 2420 1085 2473 Stat.
1123 2436 1171 2485 p.
1211 2423 1255 2472 5.

805 2505 964 2554 Plura
1001 2507 1220 2556 dicenda
1255 2514 1373 2555 sunt
1408 2507 1470 2556 de
1508 2522 1657 2557 versu
1694 2507 1735 2556 1.
1775 2508 1823 2571 6,
1860 2509 1991 2582 25³..

1214 2607 1283 2656 Et
1319 2623 1446 2671 quas
1484 2576 2029 2672 percoquffbosia
2066 2624 2255 2658 cannas

672 2707 922 2771 (Ebosea
975 2724 1163 2758 cannas
1202 2708 1358 2760 Salm.
1417 2717 1466 2758 et
1502 2709 1745 2771 Bodaeus
1782 2710 2125 2776 Theophrast.
2164 2711 2294 2760 Hist.
2334 2710 2413 2760 Pl.
2452 2711 2546 2760 IV.
2584 2727 2633 2776 p.
2672 2709 2813 2775 387).

668 2796 731 2843 In
770 2794 916 2858 cujus
954 2809 1131 2844 versus
1168 2795 1570 2844 emendationem
1628 2801 1678 2844 et
1729 2797 1939 2846 multam
1994 2806 2043 2846 et
2096 2797 2351 2860 egregiam
2406 2811 2611 2860 operam
2657 2811 2814 2860 nuper

673 2879 890 2929 contulit
934 2880 1185 2929 Imhofius
1223 2878 1471 2930 Emendd.
1509 2877 1641 2929 Stat.
1679 2896 1731 2944 p.
1772 2883 1801 2930 5
1840 2895 1949 2944 sqq.
2021 2877 2202 2940 FicoS,
2263 2881 2451 2944 inquit,
2508 2881 2643 2930 inter
2680 2881 2812 2944 ejus-

582 3016 586 3020 ,
671 2965 808 3014 modi
847 2965 1066 3028 cupedia
1103 2979 1303 3028 semper
1342 2965 1612 3014 memorari
1652 2981 2085 3028 supervacaneum
2124 2977 2197 3014 est
2233 2967 2480 3030 congestis
2518 2967 2813 3028 testimoniis

667 3049 898 3114 proferre
936 3047 1000 3098 cf.
1039 3049 1134 3097 IV.
1172 3051 1220 3109 9,
1245 3051 1330 3099 26.
1369 3076 1432 3089 ·.--
1471 3049 1665 3110 Quodsi
1700 3051 1908 3100 ficorum
1946 3051 2139 3100 mentio
2178 3058 2319 3100 recte
2354 3053 2453 3100 hoc
2492 3051 2612 3100 loco
2648 3051 2811 3114 posci-

670 3143 767 3193 tur,
807 3135 946 3200 quod
980 3134 1034 3182 in
1071 3134 1226 3208 codd..
1259 3134 1461 3198 optimis
1497 3134 1685 3197 legitur
1720 3149 1965 3184 caunos
2020 3135 2093 3186 nil
2141 3135 2280 3184 aliud
2316 3143 2481 3202 potest
2516 3150 2625 3186 esse
2662 3150 2811 3200 quam

668 3218 950 3279 Caunos·‚
989 3216 1170 3288 Cariae
1217 3219 1310 3268 illa
1345 3218 1466 3268 urbs
1502 3219 1568 3268 ob
1605 3219 1729 3269 ficos
1768 3219 2110 3272 celeberrima.
2150 3247 2212 3256 —
2251 3220 2434 3270 Restat
2468 3223 2648 3273 mirum
2682 3223 2811 3272 illud

667 3304 810 3353 vocis
845 3304 1132 3368 prodigium
1170 3303 1276 3352 sive
1313 3303 1582 3354 aebosia
1616 3306 1725 3354 sive
1762 3305 2009 3369 ebosia,
2067 3307 2203 3370 quod
2242 3320 2341 3368 ego
2378 3307 2811 3372 corruptissimum

667 3403 869 3438 censeo·
940 3388 1256 3454 Apposuisse
1291 3390 1420 3438 enim
1459 3390 1727 3455 epitheton
1772 3389 1991 3439 Statium
2028 3407 2123 3454 pro
2169 3401 2309 3440 certo
2346 3398 2423 3440 est
2458 3391 2585 3450 tale,
2642 3391 2814 3454 qualia

667 3473 720 3522 in
757 3475 1178 3537 praecedentibus
1215 3475 1374 3524 tribus
1409 3475 1641 3524 versibus
1678 3475 1923 3537 leguntur
1959 3475 2182 3527 nobile
2219 3475 2513 3524 fecundis
2558 3476 2679 3540 pia.
2748 3475 2813 3524 In

667 3558 778 3622 ejus
832 3559 1002 3609 locum
1053 3560 1258 3624 irrepsit
1295 3558 1452 3610 Ebusi
1510 3559 1711 3608 insulae
1767 3574 1982 3618 nomen,
2042 3561 2180 3624 quod
2233 3561 2298 3610 ob
2348 3551 2560 3610 eandem
2598 3561 2813 3610 ficorum

667 3643 1015 3696 celebritatem
1053 3645 1214 3708 (Plin.
1253 3645 1376 3696 XV.
1417 3647 1495 3703 19,
1534 3644 1625 3708 82)
1683 3645 2016 3693 adnotaverat
2051 3645 2257 3708 quidam
2311 3645 2361 3693 in
2400 3646 2625 3710 margine
2663 3653 2717 3694 et
2749 3661 2814 3694 ne

668 3736 882 3779 metrum
919 3729 1208 3780 claudicare
1242 3731 1532 3790 videretur,
1585 3730 1713 3780 scite
1768 3730 2109 3794 excogitatum
2164 3739 2239 3780 est
2276 3731 2410 3794 quod
2460 3745 2595 3780 nuuc
2630 3729 2814 3794 legitur

666 3823 1008 3874 monstrosum
1071 3816 1392 3869 vocabulum.
1450 3841 1514 3852 --
1570 3815 1809 3878 Denique
1863 3829 1985 3866 vero
2039 3823 2227 3865 cuncta.
2276 3815 2484 3864 Ebusus
2536 3822 2590 3863 et
2642 3815 2815 3865 omnia

665 3897 950 3950 Ebusitana
983 3901 1165 3966 procul
1201 3901 1513 3964 ableganda,
1566 3900 1658 3948 ubi
1695 3915 1808 3953 cum
1847 3893 2058 3949 veniens
2095 3915 2289 3950 eurus
2325 3899 2461 3948 hunc
2495 3897 2661 3948 rorem
2696 3915 2812 3964 pro-

665 3983 855 4034 fudisse
893 3986 1090 4035 dicatur
1125 4001 1172 4035 v.
1203 3987 1283 4046 11,
1321 3993 1462 4035 reete
1499 3985 1713 4036 missilia
1744 3986 2097 4035 tantummodo
2124 3985 2476 4036 desiderantur
2513 3999 2580 4034 ex
2616 3984 2811 4034 oriente

666 4071 1048 4132 provenientia:
1116 4071 1363 4122 Ponticae
1423 4069 1604 4132 nuces,
1665 4071 1959 4122 Idumaeae
1996 4071 2213 4136 dactyli,
2274 4070 2600 4120 Damascena
2633 4084 2811 4134 pruna,

667 4151 912 4202 Cauneas
948 4153 1056 4216 fici,
1113 4161 1432 4222 nequaquam
1492 4157 1686 4206 admitti
1740 4165 1933 4222 potest,
1988 4157 2029 4206 si
2086 4157 2208 4222 quid
2261 4157 2315 4204 iu
2364 4155 2541 4204 Ebuso
2588 4155 2813 4219 gignitur

669 4225 984 4296 occidentali.
1021 4266 1084 4276 -
1128 4241 1273 4302 Quae
1310 4257 1463 4306 quum
1499 4243 1574 4290 ita
1607 4243 1735 4302 sint,
1792 4242 2079 4306 profectum
2132 4243 2341 4292 videtur
2380 4256 2411 4290 a
2444 4240 2599 4294 Statii
2632 4251 2811 4292 mauu:
2876 4273 2881 4278 -

672 4317 774 4386 „Et
819 4327 956 4388 quod
1019 4330 1286 4392 percoquit
1335 4335 1647 4380 aestuosa
1686 4327 1983 4380 Caunos.“
2060 4328 2161 4378 Cui
2196 4329 2259 4378 de
2294 4328 2607 4379 restituendo
2646 4325 2812 4376 Cauni
