3234 4967
630 310 761 378 120
1542 312 1773 365 adnot.
1811 310 1892 362 τι.

624 529 853 586 nostra
898 518 1184 586 Ridebas
1253 521 1630 605 ingratus
1687 518 1948 585 adhuc
2016 540 2100 584 ex
2171 516 2446 583 Senensi
2514 514 2640 581 Ms.
2708 520 2774 580 et

628 627 814 692 Rom.
885 626 1270 714 Venetaque
1330 625 1645 708 editione,
1715 624 1892 714 quod
1951 633 2049 689 est
2102 621 2487 689 beneficium
2557 643 2771 687 meum

629 730 920 797 nondum
952 731 1365 819 intelligebas
1410 755 1533 797 nec
1579 740 1808 818 gratus
1855 752 1996 795 esse
2045 733 2376 819 poteras‚“
2424 727 2772 817 dupliciter

632 861 885 904 errasse
910 838 1378 905 Marklandum
1402 847 1617 904 ratum
1649 846 1716 904 et
1739 838 2143 903 tritissima-m
2169 835 2771 925 apertissimamque

630 944 929 1011 voculam
976 953 1062 1009 tu
1123 953 1343 1009 tantae
1402 943 1620 1009 fraudi
1678 942 2092 1010 librariorum
2149 942 2514 1031 expositam
2572 942 2770 1007 fuisse

630 1060 697 1115 et
724 1049 923 1136 longe
954 1050 1454 1137 praeferendum
1486 1072 1630 1117 esse
1655 1050 1929 1115 alterum
1960 1049 2134 1115 istud
2165 1050 2503 1135 ignarus
2529 1048 2770 1135 quippe

626 1158 694 1220 in
724 1155 849 1221 hac
872 1158 1155 1243 positum
1180 1157 1529 1223 sententia:
1562 1156 1666 1221 Tu
1693 1155 1830 1221 risu
1862 1155 2240 1243 excipiebas
2271 1177 2484 1221 meum
2517 1176 2768 1235 munus,

625 1263 892 1348 ignarus
949 1261 1192 1346 adhuc,
1262 1270 1577 1350 quantum
1647 1261 2034 1327 beneficium
2105 1262 2227 1327 tibi
2285 1259 2771 1327 contulissem.“

627 1366 947 1433 Praetulit
993 1378 1211 1433 autem
1260 1370 1455 1435 tacite
1504 1366 1878 1457 exemplum
1941 1384 2249 1457 sequutus
2295 1368 2570 1433 Heinsii.
2663 1366 2774 1433 Sic

630 1476 802 1538 enim
858 1473 966 1539 ille
1026 1474 1096 1539 in
1172 1473 1367 1540 Ovid.
1438 1476 1598 1541 Met.
1669 1474 1816 1541 Vll.
1889 1475 1966 1540 71
2043 1498 2106 1563 p.
2175 1473 2335 1541 530:
2405 1473 2770 1561 Ingrate)

624 1582 669 1647 J
686 1602 939 1666 gnare
986 1581 1241 1645 Bonon.
1289 1579 1680 1667 Eleganter,
1731 1581 1978 1646 scilicet
2021 1603 2294 1651 morum,
2317 1581 2542 1645 uxoris
2589 1590 2770 1645 tuae:

630 1690 725 1753 ita
770 1685 951 1774 apud
996 1686 1160 1751 Stat.
1212 1686 1325 1750 ΙΙΙ.
1375 1686 1531 1752 Silv.
1604 1688 1677 1768 3,
1755 1688 1880 1751 186
1928 1695 1993 1751 et
2039 1687 2122 1752 V.
2171 1685 2243 1769 5,
2319 1686 2434 1769 75,
2504 1686 2614 1752 ubi
2663 1687 2774 1751 alii

630 1794 753 1859 Ms.
802 1792 1097 1857 similiter
1142 1793 1597 1877 ingrat·us.“
1693 1792 1825 1875 Qui
1854 1791 2026 1857 idem
2073 1792 2247 1857 Adv.
2295 1790 2348 1857 I.
2403 1794 2485 1855 10
2531 1816 2594 1881 p.
2649 1794 2768 1857 103

629 1898 1041 1985 praeoptavit
1086 1898 1489 1983 ingrat-ue.
1580 1898 1673 1962 Et
1718 1896 1887 1963 hanc
1933 1897 2196 1985 quidem
2226 1900 2766 1987 permutationem

628 2007 694 2069 in
742 2005 935 2070 Statii
982 2003 1374 2069 carminibus
1420 2005 1660 2069 factam
1691 2012 1954 2092 praeter
1984 2004 2328 2070 Heinsium
2375 2004 2772 2070 contestatus

630 2120 729 2176 est
778 2109 1149 2176 Gronovius
1196 2109 1237 2174 l.
1288 2110 1350 2174 d.
1367 2160 1385 2193 ,
1443 2111 1511 2175 in
1560 2107 1867 2176 Catulli
1925 2110 2210 2175 carmine
2258 2110 2377 2192 64,
2443 2112 2568 2175 119
2631 2110 2772 2197 (ubi

630 2216 863 2305 aliquis
912 2218 1276 2304 suspicetur
1334 2218 1645 2302 scriptum
1710 2214 1860 2279 olim
1919 2216 2150 2282 fuisse:
2223 2216 2409 2297 Quae
2467 2217 2772 2282 misere

628 2323 959 2409 ingrata
1002 2331 1239 2388 natae
1288 2332 1407 2387 est
1456 2320 1802 2409 deperdita
1859 2320 2122 2410 taeda)
2181 2320 2470 2388 Achilles
2527 2324 2774 2390 Statius

626 2452 689 2517 p,
717 2428 870 2495 238.
917 2428 1082 2493 Voci
1106 2428 1435 2513 ignarus
1458 2437 1681 2493 autem
1705 2429 1926 2493 nescio
1953 2450 2036 2492 an
2061 2428 2166 2493 hic
2189 2426 2401 2494 locum
2425 2430 2654 2495 fecerit
2679 2450 2774 2494 re-

622 2533 921 2600 cordatio
946 2534 1154 2600 Theb.
1178 2534 1294 2599 lX.
1325 2534 1487 2598 788:
1514 2532 1844 2622 Amphion
1884 2533 2215 2620 ignarus
2261 2533 2411 2600 adh
2433 2558 2554 2619 uc,
2603 2558 2772 2623 quae

628 2642 857 2705 funera
882 2640 1127 2726 campis
1152 2638 1264 2703 llle
1290 2637 1544 2705 daret.“
1596 2638 1792 2719 Quod
1834 2648 2066 2704 restat:
2103 2640 2248 2704 usui
2280 2641 2460 2706 vocis
2501 2642 2774 2728 ingra-

629 2755 759 2810 tus
804 2743 1260 2830 cognoscendo
1310 2743 1496 2809 utilia
1528 2756 2074 2832 exprompserunt
2113 2744 2426 2811 Barthius
2451 2746 2658 2814 Theb.
2685 2748 2772 2812 X.

628 2850 756 2915 558
805 2874 865 2938 p.
922 2852 1113 2915 1208.
1192 2850 1605 2915 Burmannus
1637 2850 1839 2915 Anth.
1872 2851 2018 2916 Lat.
2051 2851 2176 2916 III.
2220 2853 2369 2935 293,
2419 2851 2504 2917 35
2552 2877 2614 2942 p.
2665 2855 2769 2919 39.

627 2956 1087 3023 Lachmannus
1120 2958 1315 3044 Prop.
1351 2956 1467 3021 IlI.
1516 2958 1620 3039 16,
1661 2958 1742 3021 13
1767 2981 1830 3044 p.
1870 2957 2014 3023 185.
2051 2958 2200 3023 add.
2235 2958 2385 3024 Sen.
2408 2958 2574 3025 Tro.
2615 2958 2769 3022 192:

628 3062 877 3129 Solvite
947 3063 1309 3149 ingratas
1380 3071 1554 3127 rates
1623 3063 1752 3127 Per
1808 3072 2034 3129 nostra
2113 3064 2268 3129 ituri
2335 3063 2570 3129 maria:
2641 3086 2771 3127 non

627 3192 833 3256 parvo
882 3169 1000 3234 luit
1043 3169 1186 3235 Ira-s
1232 3167 1505 3233 Achillis
1553 3168 1902 3233 Graecia.“

1458 3470 1541 3549 V.
1604 3471 1694 3550 76
1721 3515 1816 3527 ——
1843 3469 1954 3551 78.

812 3691 1135 3773 Quoniam
1184 3712 1331 3754 eum
1388 3688 1718 3777 plerisque
1785 3685 1987 3770 libris,
2057 3690 2123 3753 in
2192 3687 2426 3777 quibus
2495 3696 2622 3751 est:
2691 3708 2776 3750 ne

632 3795 941 3884 perderet
986 3794 1237 3861 ullum
1283 3795 1587 3861 Libertas
1633 3805 1768 3861 tam
1813 3818 2024 3883 parva
2070 3793 2338 3876 diem“‚
2387 3794 2510 3859 hoc
2557 3793 2778 3858 differt

633 3902 1161 3988 Rehdigeranus:
1218 3924 1301 3966 ne
1358 3900 1670 3989 perderet
1717 3950 1732 3965 .
1784 3950 1799 3965 .
1849 3905 1943 3966 .“:
2003 3923 2200 3988 quum
2257 3899 2528 3965 similem
2587 3898 2778 3965 Clau-

636 4007 815 4072 diani
865 4031 1127 4073 versum
1176 4007 1532 4073 habeamus
1577 4007 1726 4072 Ruf.
1773 4006 1829 4071 Ι.
1879 4006 2041 4071 244:
2087 4006 2434 4092 Effugeret
2486 4027 2569 4069 ne
2631 4004 2776 4091 quis

606 4170 611 4173 .
631 4113 887 4200 gladios
933 4136 1087 4179 neu
1137 4113 1511 4202 perderet
1555 4114 1802 4179 ullum
1833 4112 2136 4199 Augusto
2167 4114 2515 4177 miserante
2547 4111 2776 4175 nefas“

632 4242 673 4283 a
727 4218 1001 4284 Barthio
1070 4242 1133 4306 p.
1210 4220 1376 4283 1157
1450 4242 1595 4284 cum
1667 4219 1879 4285 Statio
1950 4227 2418 4307 comparatum,
2489 4215 2775 4282 dubitari

638 4335 854 4391 tamen
922 4326 1038 4391 vix
1105 4334 1352 4413 potest,
1426 4326 1581 4413 quin
1653 4325 2006 4390 auctorita-s
2075 4325 2316 4389 veteris
2385 4320 2774 4410 exemplaris

3207 1039 3214 1290 h-
3189 719 3214 1036 ἐξ
