3234 4967
650 364 764 432 132
1508 364 1735 421 Adnot.
1770 366 1858 420 80.

636 572 895 657 figere
943 568 1165 635 oscula
1209 568 1387 657 apud
1430 568 1650 657 plures
1679 568 2050 635 invenimus
2083 569 2340 658 (HeinS.
2373 570 2548 637 Adv.
2585 571 2659 635 11.
2699 570 2781 635 15

636 702 701 767 p.
732 678 885 743 329.
920 674 1098 741 Cort.
1133 675 1379 740 Lucan.
1416 674 1526 739 Vl.
1556 674 1688 739 565
1734 698 1798 763 p.
1849 676 1934 739 66
1983 675 2131 765 sq.)‚
2179 698 2374 764 quam
2422 676 2794 761 infigere

640 782 924 849 oscula
970 781 1210 870 (Drak.
1258 779 1375 847 Sil.
1422 780 1583 847 XII.
1632 780 1764 845 592
1809 804 1874 869 p.
1922 781 2140 871 6250?

815 887 1013 971 Quod
1070 896 1399 975 superestz
1460 887 1722 975 saepius
1766 909 1996 957 vocem
2057 890 2360 975 genius.
2389 887 2786 956 labem'tra-

634 995 809 1060 xisse
869 1001 1207 1059 testantur.-
1248 1014 1395 1059 eum
1440 992 1693 1059 Savaro
1741 991 1966 1059 Sidon.
2015 992 2304 1081 Apollin.
2354 994 2572 1061 Oarm.
2621 979 2776 1061 VH.

636 1102 771 1169 470
827 1123 892 1189 p.
944 1100 1067 1165 107
1118 1108 1186 1165 et
1230 1101 1342 1187 qui
1387 1121 1585 1166 voees
1646 1100 1970 1185 genialis
2027 1109 2094 1165 et
2153 1100 2516 1188 genitalis
2574 1100 2788 1167 multi-

635 1208 869 1273 fariam
913 1208 1271 1293 permixtas
1318 1228 1461 1271 esse
1510 1205 1874 1287 docuerunt
1919 1206 2358 1273 Marklandus
2403 1206 2564 1273 Silv.
2599 1208 2675 1272 ΙΙ.
2724 1209 2789 1290 3,
2873 1197 2884 1210 ’

638 1315 724 1379 62
770 1336 834 1401 Ρ.
884 1314 1034 1379 237.
1080 1313 1497 1379 Burmannus
1544 1310 1741 1378 Ovid.
1791 1313 1951 1379 Met.
1997 1313 2087 1379 X.
2121 1300 2206 1377 7⁸5
2237 1337 2301 1401 Ρ.
2337 1314 2466 1379 693
2500 1323 2567 1379 et
2599 1314 2792 1381 Clau-

638 1420 809 1486 dian.
857 1420 1007 1485 Rus.
1057 1418 1130 1483 ΙΙ.
1176 1418 1263 1483 96
1311 1443 1375 1508 Ρ.
1426 1418 1511 1485 74
1566 1427 1635 1483 et
1693 1417 2000 1507 Calpurn.
2050 1419 2190 1485 Ecl.
2240 1419 2332 1485 II.
2379 1419 2464 1485 41
2517 1444 2583 1508 Ρ.
2631 1420 2788 1505 574,

636 1536 773 1591 tum
830 1523 981 1591 libri
1028 1524 1377 1591 Claudiani
1422 1524 1522 1591 VI
1584 1524 1781 1591 Cous·
1831 1526 2008 1592 Hon.
2055 1526 2223 1591 612:
2283 1526 2562 1615 Imperii.
2609 1549 2795 1617 prae-

638 1654 787 1697 sens
844 1630 1171 1697 Genius.
1262 1630 1435 1697 Prie.
1498 1631 1809 1716 gemitu
1869 1630 2220 1721 Ovidiique
2265 1631 2445 1699 Fast.
2496 1633 2579 1699 V.
2634 1632 2793 1701 145:

639 1735 820 1802 Mille
882 1736 1053 1801 lares
1110 1738 1430 1823 genium
1448 1758 1574 1825 que
1637 1735 1842 1819 ducis,
1905 1738 2018 1825 qui
2077 1738 2354 1805 tradidit
2399 1737 2566 1823 illos,
2616 1739 2793 1806 Urbs

639 1842 896 1909 habet“
940 1843 1312 1908 Puteaneus
1360 1844 1747 1929 gemitum,
1793 1864 1960 1909 unus
2004 1846 2338 1930 genitum
2390 1844 2496 1935 (ut
2542 1845 2790 1913 Lucan.

638 1948 763 2014 IX.
816 1949 985 2013 1106
1046 1950 1378 2036 gemitus·
1469 1948 1740 2015 Vratisl.
1788 1951 1830 2015 3
1883 1951 2239 2042 genitus),
2299 1951 2796 2041 multiagemi-

638 2078 846 2139 num,
896 2056 1025 2121 duo
1074 2056 1464 2140 gremium
1498 2054 1611 2143 (ef.
1645 2053 1990 2123 Claudian.
2021 2056 2213 2124 Eutr.
2247 2059 2323 2135 u.
2357 2060 2440 2125 97
2484 2058 2792 2145 gremio
2867 2060 2878 2067 ⁴

636 2163 837 2249 pacis.
887 2159 1150 2231 Tholos.
1199 2160 1516 2251 genio).
1606 2160 1802 2229 Statii
1849 2162 2022 2247 silv..
2056 2165 2139 2231 V.
2187 2166 2250 2249 3,
2299 2164 2426 2231 221
2479 2166 2790 2253 genuit.

636 2267 853 2334 Parm.
900 2268 1169 2353 geni‘ii.
1265 2266 1483 2335 Oarm.
1532 2266 1620 2333 ad
1665 2267 1929 2335 Messal.
1975 2293 2041 2335 v.
2089 2269 2209 2335 44:
2257 2270 2420 2335 Tam
2468 2269 2697 2359 procul
2751 2294 2791 2337 a

638 2377 940 2460 gnato“
1003 2372 1271 2462 (Latio
1328 2373 1636 2463 Haupt.)‚
1700 2376 1805 2441 eui
1872 2374 2282 2443 reddendum
2339 2399 2482 2445 esse
2543 2378 2792 2464 genio

639 2480 929 2545 dicemus
978 2478 1162 2546 alias.

816 2585 1155 2652 Postremo
1214 2586 1649 2674 corrigendus
1701 2587 1824 2654 fuit
1869 2590 2226 2655 eommunis
2273 2590 2560 2655 omnium
2607 2611 2791 2657 error

638 2714 868 2759 versus
898 2691 1018 2759 hos
1050 2693 1143 2759 sie
1174 2692 1624 2761 describendi:
1673 2695 1823 2761 Non
1867 2696 2122 2783 eupii3
2169 2696 2370 2784 prim
2389 2717 2428 2761 o
2458 2734 2548 2745 --
2579 2698 2730 2785 qui.
2747 2700 2795 2763 ί(

638 2798 936 2887 Namque
996 2822 1083 2865 ex
1136 2800 1296 2889 ipsis
1342 2800 1595 2867 verbis:
1657 2810 1733 2867 te
1780 2838 1868 2851 --
1913 2803 2223 2898 sospite
2269 2840 2359 2851 —
2405 2804 2539 2891 qui
2583 2801 2791 2891 impli-

638 2907 860 2971 ouit“
933 2907 1278 2973 manifesto
1347 2917 1646 2996 apparet·
1697 2906 1868 2975 hano
1943 2932 1984 2975 a
2058 2896 2260 2996 poeta
2331 2918 2792 2997 expromptam

636 3012 837 3078 fuisse
908 3014 1335 3083 sententiam:
1403 3013 1662 3080 Primo
1732 3015 1996 3100 genium
2065 3038 2108 3103 q
2128 3016 2212 3101 ui
2278 3016 2578 3104 protinus
2643 3024 2792 3082 ortu

636 3117 1015 3207 Implieuit
1060 3118 1337 3207 fixitque
1381 3120 1561 3205 mihi,
1625 3122 1754 3186 eui
1797 3121 2004 3188 verba
2050 3142 2372 3213 sonosque
2406 3107 2800 3191 Monstravi-

638 3262 727 3275 —-—
784 3224 937 3292 Oui
996 3264 1084 3275 --
1139 3235 1367 3293 nostro
1426 3227 1782 3295 veniebant
1839 3228 2086 3313 gaudia
2145 3226 2329 3295 cultu
2385 3266 2494 3313 -—,
2555 3229 2675 3295 Hu
2693 3253 2737 3296 n
2755 3252 2793 3293 e

640 3333 947 3421 (sontes
1001 3354 1339 3420 rapuere
1398 3332 1609 3423 dei):
1671 3332 2084 3411 licuitenim
2143 3333 2308 3400 haee
2366 3335 2650 3424 mutuari
2707 3335 2828 3422 ab.

638 3440 783 3526 ipso
828 3437 1041 3505 Statio
1087 3437 1294 3507 Theb.
1346 3440 1427 3507 V.
1475 3440 1609 3505 610
1657 3450 1725 3506 et
1771 3441 1944 3508 Ciris
1991 3450 2261 3534 auetore
2309 3464 2374 3508 v.
2424 3442 2574 3507 313.

1496 3743 1578 3827 V.
1639 3745 1762 3829 82.
1823 3744 1944 3827 83.

818 3958 1015 4043 Quod
1056 3958 1292 4048 reliqui
1336 3957 1489 4025 libri
1536 3959 1887 4047 praebent:
1947 3966 2370 4048 questusque
2419 3958 2534 4049 (ef.
2580 3959 2790 4029 Theb.

638 4064 764 4131 III.
811 4064 929 4130 44:
986 4062 1263 4131 Planetu
1278 4086 1427 4153 que
1490 4074 1567 4131 et
1614 4067 1910 4153 gemitu),
1973 4087 2103 4131 non
2149 4065 2392 4153 legitur
2436 4068 2505 4133 in
2549 4066 2790 4135 Rehdi-

638 4192 901 4257 gerano.
1026 4170 1165 4237 Nee
1231 4180 1451 4260 potest
1517 4171 1669 4254 diei,
1747 4180 2056 4261 quantam
2124 4170 2389 4240 librarii„⁴
2443 4165 2790 4243 habuerint

638 4274 813 4343 illius
890 4277 1071 4343 vocis
1159 4285 1274 4341 aut
1348 4276 1693 4345 addendae
1771 4290 1886 4345 aut
1961 4279 2358 4347 omittendae
2433 4278 2786 4350 licentiam.

640 4381 1205 4467 Quemadmodum
1252 4383 1425 4449 enim
1472 4407 1670 4474 supra
1701 4386 1784 4451 V.
1831 4386 1922 4450 45
1965 4388 2030 4452 in
2079 4384 2374 4475 plurimis
2419 4384 2604 4453 libris
2649 4397 2786 4452 est:
