3234 4967
1347 382 1716 434 Adrion-¹34.
2517 382 2599 446 55

443 592 660 656 facta
715 587 1022 656 tabellae.
1134 589 1359 654 Burm.
1422 587 1709 655 Phaedr.
1767 584 1945 652 Prol.
2013 585 2118 650 ln.
2180 585 2263 651 47
2336 610 2399 676 p.
2472 587 2599 653 115

445 696 712 786 (quibus
757 693 993 762 similia
1039 695 1216 783 apud
1263 693 1428 761 alios
1477 695 1831 783 scriptores
1877 692 2085 760 multa
2128 702 2359 759 extant
2392 692 2597 760 Gron.

443 802 586 871 Liv.
617 801 866 870 XLIV.
899 802 1006 884 38,
1057 823 1252 891 quem
1297 800 1528 867 laudat
1573 800 1885 866 Heinsius
1919 797 2266 865 Claudian.
2299 799 2378 864 R.
2412 799 2597 866 Pros.

443 907 490 971 Ι.
524 909 652 974 213
685 931 748 996 p.
775 906 925 973 559.
965 907 1177 996 Drak.
1203 908 1346 973 Liv;
1375 907 1691 974 XXXffl.
1718 907 1825 990 21,
1863 906 1926 970 8.
1986 903 2285 971 Huschk.
2314 905 2460 970 Tib.
2484 907 2597 972 lV.

446 1015 506 1096 7,
555 1013 596 1080 2
639 1037 706 1102 p.
741 1012 901 1103 642)
950 1012 1290 1080 commode
1340 1023 1725 1079 excusatum
1770 1033 1894 1077 nec
1940 1011 2026 1077 ad
2059 1012 2451 1078 sententiam
2484 1021 2599 1078 aut

444 1143 673 1187 versus
719 1120 760 1185 8
793 1142 890 1208 sq.
939 1128 1054 1185 aut
1099 1143 1164 1185 v.
1213 1119 1300 1186 65
1349 1121 1506 1185 satis
1554 1128 2048 1205 congruentem.
2125 1117 2359 1208 Itaque
2408 1140 2602 1208 quae-

445 1248 721 1316 cumque
769 1225 947 1292 docti
992 1225 1288 1292 homines
1335 1235 1679 1307 eruerunt,
1726 1225 1901 1290 levia
1956 1233 2105 1290 sunt
2157 1225 2374 1290 omnia
2421 1234 2485 1290 et
2530 1225 2599 1289 in

445 1331 621 1398 nullo
669 1331 1046 1398 discrimine
1092 1332 1418 1420 ponenda.
1509 1331 1602 1396 At
1661 1330 1855 1398 Statii
1909 1331 2175 1418 ingenio
2224 1338 2290 1395 et
2335 1353 2601 1398 consue-

444 1437 666 1504 tudine
717 1437 978 1525 dignius
1025 1445 1092 1502 et
1138 1437 1225 1504 ad
1271 1460 1499 1504 sensus
1565 1437 1893 1525 quandam
1953 1436 2435 1504 vehementiam
2493 1459 2601 1503 ex-

446 1543 854 1633 primendam
902 1544 1251 1626 efficacius,
1301 1543 1584 1632 denique
1636 1541 1931 1608 omnibus
1974 1543 2269 1609 veritatis
2316 1543 2601 1610 numeris

444 1649 908 1738 praestabilius
957 1649 1218 1716 dicendi
1279 1671 1488 1738 genus
1549 1651 1645 1716 ita
1689 1648 1993 1717 videmur
2037 1651 2381 1738 consequi,
2430 1650 2486 1715 si
2532 1657 2599 1714 et

443 1757 813 1823 miserum
863 1756 1155 1823 dolorem
1203 1757 1552 1847 jubeamus
1615 1778 1758 1847 esse
1815 1776 2156 1823 mersum
2203 1754 2599 1844 (terdena

447 1864 619 1929 enim
664 1861 851 1929 luce
897 1874 1133 1952 parata
1177 1885 1246 1928 se
1293 1862 1458 1928 haec
1505 1862 1789 1929 scribere
1840 1863 2001 1929 dicit
2044 1862 2274 1952 poeta)
2322 1871 2390 1928 et
2433 1861 2600 1928 lau-

446 1970 700 2037 dandi
768 1968 972 2036 verbo
1042 1968 1112 2034 id
1182 1969 1524 2051 succedat,
1597 1991 1727 2058 quo
1789 1978 2057 2057 praeter
2127 1968 2466 2036 Lucanum
2534 1975 2601 2032 et

443 2075 674 2144 Silium
730 2071 1058 2142 neminem
1112 2075 1324 2161 magis
1387 2073 1783 2141 delectatum
1857 2097 1997 2142 esse
2070 2077 2309 2142 scimus
2323 2125 2342 2158 ,
2404 2097 2597 2163 quam

327 2249 335 2258 ,
444 2181 755 2265 Statium,
813 2181 1104 2276 laxare
1174 2179 1526 2268 (lanxare
1585 2181 1768 2270 Lips.
1818 2182 1860 2248 2
1918 2181 2167 2247 Lucan.
2218 2180 2321 2247 ΠΙ.
2373 2181 2457 2246 72
2514 2180 2596 2247 cf.

446 2289 741 2376 Oonject.
791 2286 956 2377 X1)z
1119 2289 1126 2294 ’

495 2399 500 2403 ’
943 2395 1213 2465 incompte
1251 2410 1538 2448 mersum
1579 2395 1803 2448 laxare
1843 2394 2102 2448 dolorem.

443 2489 535 2566 Et
577 2494 741 2564 illud
789 2496 1054 2587 quidem
1101 2497 1524 2564 confirmatur
1567 2495 1730 2564 locis
1775 2498 2059 2586 primum
2104 2495 2395 2564 Senecae
2428 2495 2595 2562 Oed.

444 2604 606 2671 924:
674 2602 776 2670 Ac
829 2625 1146 2670 mersus
1223 2603 1353 2670 alte
1413 2625 1693 2692 magnus
1754 2603 2049 2670 exundat
2109 2597 2377 2668 dolor.
2437 2602 2593 2669 797:

443 2709 703 2793 Effare,
749 2731 1064 2776 mersus
1110 2711 1256 2798 quis
1300 2718 1556 2799 premat
1600 2718 1889 2776 mentem
1934 2711 2078 2776 tim
2096 2712 2234 2775 or“
2281 2717 2349 2774 et
2393 2709 2596 2799 ipsius

443 2816 638 2882 Statii
682 2814 842 2883 Silv.
876 2815 960 2880 V.
997 2816 1056 2898 1,
1105 2816 1269 2880 200:
1321 2837 1432 2881 ore
1477 2815 1739 2902 ligato
1771 2815 2052 2881 Incubat
2083 2816 2359 2881 amissae
2391 2837 2596 2881 mer-

443 2943 782 3012 sumque
827 2923 910 2986 in
957 2921 1196 2988 corde
1246 2919 1610 2988 dolorem
1656 2919 1907 2988 Saevus
1939 2923 2123 3009 agit“
2156 2921 2255 3011 (in
2288 2943 2417 3011 quo
2450 2920 2595 2987 loco

445 3026 831 3094 attentando
878 3025 1312 3094 Marklandus
1358 3036 1494 3092 tam
1540 3026 1774 3093 devius
1820 3027 1974 3111 fuit,
2022 3029 2092 3096 id
2149 3027 2331 3117 quod
2378 3028 2597 3114 arguit

442 3133 754 3200 Imhofius
810 3131 856 3199 l.
903 3132 967 3199 d.
1011 3157 1078 3222 p.
1123 3133 1240 3217 20,
1304 3155 1500 3221 quam
1555 3131 1663 3198 hic
1721 3133 1790 3198 in
1854 3133 2116 3199 nomine
2172 3134 2597 3221 incomptu

445 3234 1020 3323 comminiscendo,
1079 3262 1227 3306 cum
1283 3241 1492 3306 satius
1549 3248 1723 3307 esset
1777 3242 2159 3306 memoriam
2219 3240 2594 3307 Parmensis

443 3345 593 3413 libri
653 3346 761 3413 vel
833 3346 918 3412 ad
987 3346 1112 3412 hoc
1181 3347 1544 3411 deducere:
1610 3346 1695 3411 in
1762 3345 2006 3413 corde
2082 3344 2591 3434 inmersum),

447 3453 682 3520 deinde
731 3453 956 3522 Ovidii
1003 3453 1162 3520 Met.
1195 3451 1244 3516 1.
1277 3453 1442 3520 380:
1489 3453 1781 3518 mersis
1826 3453 1926 3520 fer
1972 3474 2185 3541 opem,
2230 3453 2592 3535 mitissima,

445 3560 659 3628 rebus.
709 3559 1001 3626 Menard.
1053 3559 1374 3624 miseris
1423 3567 1510 3642 et,
1559 3581 1751 3647 quem
1799 3559 2137 3626 contendit
2181 3558 2593 3625 Burmannus

464 3691 507 3755 p
554 3667 676 3750 52,
747 3665 1177 3733 Claudianum
1234 3666 1309 3730 B.
1361 3663 1537 3732 Gild.
1598 3666 1761 3731 611:
1829 3664 2295 3753 miserisque
2350 3685 2591 3750 graves

451 3780 734 3838 crateras
793 3771 872 3838 ab
928 3771 1147 3858 Argis.
1199 3771 1412 3837 Oxon.
1453 3772 1765 3838 mersis.
1860 3771 2035 3836 Add.
2088 3770 2385 3860 Conject.
2430 3769 2590 3838 XII.

446 3877 659 3944 Alteri
707 3887 922 3946 autem
968 3899 1214 3962 eorum,
1265 3899 1433 3968 quae
1469 3877 1733 3966 protuli,
1780 3878 1981 3944 fidem
2011 3879 2260 3944 faciunt
2294 3877 2595 3966 exempla

446 3984 683 4050 Achill.
729 3985 784 4049 I.
831 3983 994 4052 508:
1055 3989 1344 4074 irrumpe
1401 3986 1558 4053 deos
1606 3995 1672 4050 et
1730 3987 1870 4050 fata
1925 3984 2281 4051 latentia
2340 3983 2594 4050 laxa.“

446 4092 597 4156 Vet.
645 4091 860 4160 Schol.
907 4115 972 4180 p.
1025 4093 1226 4159 1686:
1283 4081 1465 4183 laxa)
1515 4093 1719 4183 aperi,
1770 4092 2041 4158 ostende
2090 4092 2347 4157 nobis.“
2396 4092 2596 4174 Quin·

445 4197 655 4264 filiani
712 4195 900 4264 Decl.
957 4199 1153 4264 XIX.
1216 4199 1252 4263 7
1315 4223 1380 4287 p.
1430 4200 1594 4265 369:
1654 4197 1962 4265 evolvere
2022 4199 2336 4282 animum,
2401 4221 2594 4288 quem

441 4327 648 4392 super
699 4327 820 4370 sua
877 4313 1129 4370 secreta
1157 4297 1161 4302 ’
1189 4305 1621 4392 compositum
1674 4287 1823 4371 non·
1868 4302 2140 4390 laetitia,
2204 4327 2337 4369 non
2383 4303 2591 4386 dolor,

445 4431 576 4476 non
621 4412 997 4494 necessitas,
1045 4433 1177 4477 non
1225 4411 1520 4476 Fortuna
1564 4409 2131 4477 laxaverunt.“
2206 4411 2395 4475 VIII.
2437 4409 2479 4474 5
2527 4433 2590 4498 p.
