3234 4967
1263 401 1705 456 Adnot.1--3.
2482 401 2557 466 13

404 591 810 659 Schraderus
858 589 1048 656 obse.
1094 590 1150 656 Ι.
1195 589 1256 655 5.
1299 613 1364 676 p.
1409 587 1494 654 56
1551 590 1934 672 docuerunt,
1991 590 2088 654 ita
2139 587 2245 654 hic
2296 611 2416 656 nos
2472 590 2561 655 af-

405 697 777 764 firmamus:

1025 837 1126 873 nec
1162 819 1424 874 Castaliae
1463 819 1737 873 vocalibus
1774 821 1933 873 undis

721 907 794 962 ln
818 911 841 962 ῐ
855 928 884 962 u
907 926 1031 963 sus
1083 908 1406 979 Phoeboque
1459 912 1654 978 gravis·

406 1015 804 1082 Insolentiue
858 1016 983 1082 hoc
1043 1015 1290 1080 dictum
1342 1015 1637 1104 plerique
1691 1014 2132 1100 mirabuntur3
2192 1015 2371 1082 recte
2431 1017 2562 1083 dici

409 1145 601 1188 nemo
646 1121 936 1209 negabit,
987 1122 1099 1210 qui
1144 1122 1486 1188 resciverit
1529 1122 1815 1188 inveniri
1862 1121 2039 1209 apud
2086 1121 2403 1189 Ovidium
2447 1124 2564 1190 lu-

410 1232 630 1294 mina
675 1227 862 1294 oleo
909 1228 1214 1311 infusa,
1263 1228 1442 1316 apud
1474 1225 1901 1294 Columellam
1954 1226 2255 1312 olivas,
2304 1253 2564 1319 napos

414 1344 646 1400 aceto
715 1333 1153 1401 infundere
1225 1333 1560 1422 (Lennep.
1611 1331 1809 1398 Ovid.
1858 1333 2018 1398 Her.
2066 1335 2259 1401 XXI.
2315 1336 2439 1402 159
2497 1361 2562 1427 p.

413 1440 597 1530 311),
643 1439 823 1530 apud
866 1439 1233 1506 Palladium
1279 1439 1398 1505 VI.
1437 1441 1493 1522 1,
1541 1441 1583 1504 2
1629 1440 1868 1504 foena
1912 1439 2220 1527 pluviis
2266 1443 2564 1510 infusa.
2680 1433 2703 1452 ⁶

413 1547 506 1613 Π.
559 1547 624 1629 4,
679 1549 720 1613 3
801 1546 1276 1630 „mediocriter
1343 1546 1666 1612 infusus
1735 1550 2018 1632 ager,“
2098 1571 2376 1636 quocum
2454 1550 2567 1618 illa

418 1651 814 1740 Chrysologi
867 1653 1108 1734 Homil.
1162 1655 1279 1720 423
1361 1653 1621 1718 imber
1690 1653 2051 1718 infundit
2130 1664 2427 1722 terram
2497 1667 2565 1724 et

417 1758 814 1825 Marcellini:
895 1760 1252 1852 fortunis
1334 1757 1875 1848 complurium
1951 1782 2127 1828 sese
2196 1761 2429 1828 infun
2449 1762 2568 1831 dit

417 1865 824 1953 comparavit
870 1865 1271 1932 Munckerus
1317 1865 1625 1954 Fulgent.
1672 1866 1725 1930 Ι.
1774 1889 1838 1953 p.
1886 1866 2013 1931 607
2061 1877 2196 1933 not.
2235 1869 2338 1952 11,
2388 1872 2565 1959 apud

417 1971 767 2056 Vegetium
793 1971 878 2036 V.
915 1971 1018 2054 15,
1050 1971 1092 2036 5
1133 1971 1451 2048 infundi
1499 1971 1673 2036 oleo
1707 1980 1774 2036 et
1806 1969 2103 2038 Coelium
2134 1973 2562 2044 Aurelianum

418 2076 612 2141 Acut.
644 2077 737 2142 II.
775 2078 858 2143 37
921 2079 1166 2164 panis
1221 2078 1570 2160 infusus,
1636 2086 1871 2142 aceto
1936 2078 2261 2144 infusus
2315 2081 2387 2147 id
2446 2094 2565 2168 est,

417 2191 493 2247 ut
552 2184 644 2248 ait
699 2182 1010 2248 Barthius
1063 2182 1238 2248 Adv.
1282 2183 1645 2248 XXXVII.
1690 2184 1730 2247 6
1776 2207 1841 2270 p.
1891 2185 2081 2267 1683,
2140 2187 2443 2273 perfusus
2502 2200 2570 2256 et

418 2288 603 2354 velut
654 2299 1017 2356 maceratus
1073 2288 1366 2372 humore,
1434 2299 1574 2354 tum
1633 2288 1809 2376 apud
1866 2289 2291 2376 Macrobium,
2372 2317 2565 2384 quem

422 2394 630 2461 solum
667 2405 909 2460 norunt
949 2398 1090 2484 ejus
1118 2417 1272 2461 usus
1305 2404 1542 2462 testem
1573 2393 2030 2461 Broukhusius
2064 2395 2303 2463 Tibull.
2335 2400 2391 2466 Ι.
2425 2403 2487 2484 2,
2522 2404 2563 2468 3

421 2524 486 2589 Ρ.
513 2501 597 2567 33
629 2501 1068 2590 Heinsiusque
1101 2511 1168 2566 et
1194 2502 1612 2568 Burmannus
1639 2498 1836 2566 Ovid.
1859 2499 1903 2566 1.
1930 2501 1994 2568 (1.
2027 2526 2092 2590 Ρ.
2118 2504 2269 2589 314,
2302 2503 2579 2573 Saturn..

421 2605 576 2674 VH.
609 2608 672 2690 3,
715 2607 792 2672 4:
847 2605 1180 2674 laetitia
1223 2607 1631 2674 hominem
1676 2607 2138 2675 infundere.
2186 2609 2344 2677 ibid.
2391 2623 2459 2679 et
2504 2615 2565 2699 5,

428 2711 589 2778 114:
660 2714 1042 2798 „infusus
1106 2715 1298 2780 vino
1353 2714 1428 2779 fit
1487 2711 1713 2779 similis
1769 2715 2066 2798 insano,“
2136 2715 2437 2806 denique,
2484 2743 2568 2786 ne

423 2819 693 2886 afferam
738 2821 1156 2888 Lactantium
1201 2819 1366 2886 Stat.
1401 2818 1608 2886 Theb.
1642 2819 1801 2885 XII.
1845 2821 2010 2886 3123
2071 2823 2401 2906 „infuso
2456 2822 2569 2892 lu·

423 2947 484 2990 m
501 2925 680 3014 ine)
739 2925 1023 2993 lacrimis
1077 2924 1340 3015 pleno,“
1407 2926 1584 3016 apud
1642 2926 2001 3014 Corippum
2059 2929 2263 3016 ipsius
2318 2932 2573 3018 potissi-

425 3054 620 3115 mum,
653 3041 727 3098 ut
758 3031 1040 3100 arbitror
1064 3033 1392 3123 (Conject.
1418 3033 1562 3123 Xl),
1593 3033 1789 3102 Statii
1820 3033 2191 3122 exemplum
2224 3046 2567 3124 sequutum

425 3137 532 3204 Jo.
565 3137 655 3204 Ill.
688 3140 845 3206 113:
887 3141 1090 3226 nigris
1131 3141 1402 3208 infusa
1429 3141 1761 3207 venenis
1786 3139 1924 3207 Ora
1952 3139 2239 3206 madent.
2270 3137 2378 3207 lv.
2404 3143 2568 3210 2853

426 3244 790 3312 lacrimis
850 3247 1055 3314 siccas
1112 3247 1484 3314 infundit
1539 3269 1856 3314 arenae.
1903 3246 2023 3312 VI.
2057 3248 2128 3314 9:
2177 3245 2415 3334 gelidis
2458 3249 2570 3316 in·

429 3349 703 3417 fundit
749 3374 1097 3440 corpora
1139 3352 1556 3443 lymphis.“
1600 3355 1682 3420 cf.
1708 3353 1827 3420 IV.
1858 3353 2019 3419 7953
2052 3353 2421 3445 multusque
2452 3358 2568 3423 in·

431 3455 702 3534 fundit
749 3460 1014 3546 sanguis
1060 3466 1416 3528 arenas.“
1470 3457 1623 3527 VII.
1658 3461 1819 3527 393:
1868 3463 2257 3551 „siccasque
2303 3463 2573 3531 infun-

433 3561 550 3628 dit
596 3587 636 3631 a
649 3587 684 3630 r
699 3587 734 3631 e
747 3589 792 3632 n
805 3588 848 3633 a
864 3571 964 3632 δέ(
1036 3567 1138 3632 Ac
1181 3591 1266 3634 ne
1313 3591 1478 3658 quae
1527 3568 1849 3635 dubitatio
1896 3567 2321 3657 relinquatur,
2371 3592 2569 3659 quum

429 3669 625 3758 longe
656 3672 1252 3762 frequentissimum
1284 3675 1408 3742 hoc
1439 3677 1552 3742 sit:
1615 3697 1988 3742 errorem
2038 3676 2339 3758 animo,
2390 3699 2573 3763 ocu·¹

430 3774 534 3842 lis
593 3778 1042 3866 caliginem
1104 3781 1533 3849 offundere
1593 3781 1799 3870 (Oud.
1845 3780 1978 3848 Jul.
2026 3779 2270 3869 Obseq.
2322 3782 2449 3847 124
2506 3808 2571 3872 Ρ.

431 3885 558 3949 217
610 3895 676 3951 et
719 3885 918 3973 Apul.
945 3887 1130 3953 Flor.
1162 3886 1216 3954 I.
1255 3889 1331 3953 11
1380 3911 1445 3975 Ρ.
1481 3888 1540 3952 7.
1587 3887 1903 3954 Buenem.
1942 3887 2247 3967 Lactant.
2286 3887 2450 3954 Inst.
2480 3889 2573 3956 II.

436 3992 494 4074 1,
559 3993 639 4058 13
695 4015 761 4082 Ρ.
808 3992 955 4058 164.
1024 3993 1254 4060 Arntz.
1307 3994 1542 4061 Nazar.
1597 3993 1844 4080 Paneg.
1901 3993 2313 4060 Constantin.
2372 3996 2476 4080 11,
2530 3997 2573 4062 5

430 4119 494 4185 Ρ.
525 4096 711 4188 568),
758 4120 891 4165 non
923 4099 1178 4184 desunt,
1216 4100 1449 4190 quibus
1496 4101 1895 4167 contrarium
1940 4098 2281 4188 placuerit,
2328 4110 2404 4168 ut
2447 4103 2575 4190 ipsi

431 4204 640 4270 Statio
687 4203 895 4272 Theb.
938 4206 1023 4272 V.
1068 4205 1186 4274 953
1257 4208 1591 4297 aciemque
1663 4207 1939 4273 offusa
2005 4208 2310 4274 trementi
2376 4205 2424 4274 S
2445 4230 2576 4274 an-

431 4333 532 4398 gu
553 4311 681 4377 ine
731 4311 887 4400 (hoc
934 4315 1106 4380 enim
1154 4324 1220 4381 et
1263 4316 1334 4382 in
1381 4315 1626 4402 optimo
1673 4312 1839 4380 libro
1885 4311 2112 4379 Barth.
2164 4321 2350 4380 extat
2397 4322 2462 4378 et
2506 4315 2573 4380 in

430 4419 838 4506 Frisingensi
907 4422 1415 4510 superscriptum
1481 4421 1813 4488 invenitur
1878 4419 2204 4507 idemque,
2268 4417 2337 4484 id
2399 4419 2575 4506 quod
