3234 4967
1365 399 1592 454 Adnot.
1633 400 1725 452 50.
2534 393 2616 458 79

1417 612 1502 693 V.
1562 610 1685 693 50.

648 797 844 881 Quod
892 795 1414 881 Lindenbrogius
1459 795 1708 882 primus
1753 788 2056 878 protulit:
2126 787 2459 862 fulmine
2478 839 2499 874 ,
2546 791 2617 858 id

471 902 686 970 allatis
759 901 920 968 loeis
975 901 1136 970 Silv.
1195 899 1262 968 ll.
1339 902 1398 983 1,
1465 900 1582 967 30:
1653 919 1801 983 „me
1867 895 2211 964 fulmine
2293 895 2372 960 in
2438 897 2617 985 ipso

470 1009 804 1076 Audivere
861 1012 1124 1097 patres“
1195 1018 1262 1074 et
1309 1003 1582 1089 Quintil.
1641 1005 1942 1072 Prooem.
2000 1003 2137 1069 V1.:
2208 1011 2339 1086 „ut
2392 1014 2617 1090 posset

474 1117 623 1192 hinc
713 1137 858 1181 esse
926 1116 1093 1182 tanti
1160 1112 1446 1180 fulminis
1510 1115 1769 1177 metus“
1838 1109 2219 1178 Gronovius
2283 1117 2615 1198 tamquam

474 1246 592 1290 suo
687 1222 904 1288 Marte
1003 1229 1449 1308 comparatum
1530 1219 1757 1285 inferri
1855 1217 2045 1302 iussit
2127 1242 2193 1308 p.
2284 1220 2451 1304 590,
2539 1221 2623 1290 ab

475 1330 805 1396 Scriverio
847 1329 1116 1416 repetiit
1160 1323 1588 1394 Marklandus
1634 1347 1701 1411 p.
1747 1324 1900 1390 408.
1990 1324 2179 1390 Idem
2225 1337 2421 1417 atque
2468 1329 2622 1396 Lin-

478 1435 897 1521 denbrogius‚
943 1457 986 1499 a
1039 1454 1168 1521 quo
1214 1441 1462 1498 temere
1509 1430 1809 1496 discessit
1854 1429 2165 1516 Cruceus,
2214 1436 2415 1500 sensit
2460 1435 2621 1502 Bar-

476 1541 652 1606 thius
719 1563 784 1628 p.
834 1539 994 1606 505:
1073 1535 1522 1624 „Fulmine)
1577 1536 1698 1602 fati
1754 1534 2060 1620 fulmine,
2110 1561 2360 1607 summo
2420 1541 2619 1608 infor-

417 1718 430 1729 ,
479 1649 686 1712 tunio.
775 1645 1168 1733 Saepissime
1201 1643 1284 1710 de
1331 1666 1451 1710 suo
1497 1642 1675 1731 apud
1706 1640 1987 1730 Scythas
2034 1653 2101 1708 et
2131 1644 2339 1712 Getas
2382 1645 2619 1715 exsilio

479 1753 574 1818 sic
617 1750 904 1840 loquitur
949 1749 1272 1818 Ovidius“
1316 1751 1401 1816 cf.
1443 1751 1515 1816 in
1557 1748 1767 1817 Theb.
1812 1749 1905 1815 X.
1951 1750 2083 1816 612
2127 1774 2193 1838 p.
2246 1753 2439 1818 1219.
2500 1752 2627 1820 Ge·

478 1869 646 1926 vart.
689 1855 854 1926 Silv.
900 1855 992 1922 lll.
1049 1859 1090 1923 3
1150 1882 1216 1945 p.
1263 1857 1415 1923 360.
1459 1855 1546 1922 A.
1589 1857 1799 1945 intpp.
1844 1855 2107 1922 Petron.
2180 1858 2269 1924 80
2336 1880 2401 1946 p.
2470 1858 2625 1926 513.

479 1965 626 2032 Liv.
694 1963 907 2030 XLV.
954 1963 1063 2047 41,
1113 1965 1182 2028 1:
1251 1962 1428 2051 quod
1487 1962 1616 2028 duo
1685 1961 2029 2029 fulmina
2083 1962 2347 2030 domum
2416 1987 2629 2033 meam

479 2095 600 2160 per
641 2070 762 2138 hos
808 2070 949 2138 dies
994 2067 1459 2157 perculerint.“
1546 2069 2072 2136 Permutatarmn
2128 2080 2347 2136 autem
2394 2094 2629 2140 vocum

479 2177 784 2245 flumina
828 2186 896 2242 et
960 2173 1272 2242 fulmina
1338 2183 1542 2242 testes
1585 2173 1755 2242 adeo
1798 2173 1986 2240 multi
2034 2184 2214 2259 sunt,
2282 2186 2356 2243 ut
2404 2200 2628 2246 omnes

479 2285 817 2350 nominare
886 2281 1184 2350 infinitae
1247 2301 1486 2368 operae
1557 2282 1643 2346 sit
1702 2280 1787 2346 cf.
1842 2279 2068 2346 Barth.
2132 2281 2341 2349 Theb.
2390 2283 2499 2350 Vl.
2544 2285 2631 2352 53

481 2415 546 2480 p.
593 2391 746 2456 361.
779 2389 1007 2456 Heius.
1039 2386 1382 2456 claudian.
1411 2387 1562 2454 Rus.
1607 2385 1653 2452 l.
1690 2385 1815 2450 158
1862 2409 1927 2474 p.
1974 2387 2061 2452 43
2110 2395 2177 2452 et
2206 2389 2405 2477 Nupt.
2454 2390 2631 2456 Hon.

487 2497 614 2564 126
658 2518 723 2584 p.
775 2495 923 2562 182.
970 2492 1180 2560 Drak.
1227 2493 1340 2560 Sil.
1386 2492 1542 2559 Vlll.
1587 2491 1719 2558 646
1766 2514 1830 2580 p.
1892 2491 2047 2558 445.
2100 2493 2327 2574 Burm.
2372 2494 2625 2564 Lucan.

484 2601 614 2670 Vll.
660 2601 789 2668 457
837 2625 902 2690 p.
949 2599 1103 2666 495.
1149 2597 1380 2668 Arntz.
1421 2597 1687 2666 Arator.
1736 2597 1780 2663 l.
1832 2599 1961 2664 124
2020 2622 2082 2687 p.
2134 2599 2241 2665 65.
2332 2600 2494 2669 Silv.
2543 2604 2628 2669 V.

483 2709 546 2794 5,
595 2707 714 2777 62:
760 2707 1136 2774 Flumina
1181 2705 1514 2774 devincas.
1558 2704 1770 2771 Rehd.
1816 2703 2221 2772 Fulmina.
2267 2705 2486 2786 Theb.
2522 2707 2633 2775 Vl.

484 2815 646 2888 409:
703 2837 740 2879 e
799 2836 1048 2882 summo
1097 2813 1452 2882 decurrunt
1495 2811 1836 2879 flumina
1877 2821 2121 2878 monte.
2214 2813 2503 2902 Frising.
2564 2824 2632 2898 et

485 2921 746 2989 Monac.
793 2930 861 2987 et
906 2944 1067 3011 quos
1109 2929 1434 2987 memorat
1483 2918 1800 2986 Bai-thius
1854 2919 2143 3008 12:507:
2200 2920 2279 2986 in
2338 2943 2634 2988 summos

487 3027 844 3098 decurrunt
901 3025 1240 3094 fulmina
1291 3029 1639 3094 montes.“
1752 3025 1959 3092 Dorv.
2023 3024 2273 3092 Charit.
2334 3049 2403 3115 p.
2480 3026 2635 3096 551.

487 3135 642 3202 add.
689 3133 836 3202 Tib.
881 3133 925 3199 l.
973 3135 1036 3218 2,
1079 3132 1192 3198 44.
1235 3132 1282 3200 J
1286 3132 1511 3222 oseph.
1564 3132 1787 3200 Jscan.
1832 3129 1941 3198 Vl.
2002 3131 2154 3198 872.
2202 3131 2539 3220 Mythogr.
2584 3132 2629 3200 l.

493 3242 620 3308 176
649 3265 715 3329 p.
747 3240 856 3326 54,
887 3241 996 3308 22.
1027 3241 1132 3308 De
1163 3239 1277 3308 illo
1307 3248 1528 3307 autem
1559 3261 1805 3324 errore,
1838 3238 1951 3328 qui
1980 3237 2269 3304 cernitur
2294 3239 2365 3306 in
2394 3238 2635 3308 Rehd.:

487 3369 662 3415 men
705 3346 1032 3416 fulmine
1079 3345 1513 3436 explicabitur
1555 3347 1629 3412 in
1670 3344 2127 3434 Coniectaneis
2170 3343 2332 3413 XII.

1433 3571 1518 3652 V.
1575 3573 1701 3652 52.

665 3751 796 3825 Hie
842 3775 1099 3844 quoque
1143 3749 1324 3822 locus
1379 3751 1722 3820 manifesto
1770 3760 1872 3818 est
1928 3750 2323 3818 documento
2367 3747 2640 3816 nimium

491 3862 646 3930 olim
714 3885 904 3930 usum
966 3861 1264 3953 erupisse
1335 3859 1713 3928 tritissimae
1772 3859 1991 3944 vocis,
2060 3878 2227 3947 quae
2298 3854 2643 3946 epicedion

493 3969 1015 4038 describentibus
1058 3966 1166 4034 vel
1195 3966 1478 4034 maxime
1525 3964 1723 4032 obvia
1767 3965 1967 4030 fuisse
1999 3964 2319 4032 videatur.
2382 3963 2640 4052 Nempe

493 4087 561 4142 et
603 4100 668 4142 v.
716 4077 760 4142 8
803 4073 1319 4142 moeroribus
1351 4083 1506 4138 etv.
1556 4073 1667 4138 46.
1714 4080 2069 4138 moestus
2114 4072 2274 4138 vitio
2306 4078 2465 4136 nata
2495 4091 2640 4136 esse

491 4181 948 4250 recordabere.
1059 4182 1200 4248 Nec
1266 4181 1390 4248 hoc
1457 4179 1651 4271 primi
1708 4201 1830 4245 nos
1891 4177 2183 4244 dicimus.
2272 4179 2422 4244 Non
2470 4178 2642 4242 enim

491 4287 897 4356 fraudandus
965 4309 1085 4354 sua
1159 4285 1354 4354 laude
1436 4285 1546 4352 ille
1614 4285 1875 4370 doctus,
1977 4307 2170 4373 quem
2256 4284 2631 4351 Gronovius

493 4394 713 4460 retulit
758 4418 823 4484 p.
881 4394 1042 4478 590,
1090 4404 1240 4482 post
1297 4393 1705 4462 Gronovium
1766 4391 2195 4460 Marklandus
2255 4413 2321 4479 p.
2385 4390 2539 4454 408.
2578 4391 2643 4485 ¹b
