3234 4967
638 396 726 463 84
1560 396 1791 452 Adnot.
1827 397 1910 452 5³.

641 602 1000 694 adjunctus
1031 610 1100 697 et
1143 601 1519 692 abjunctus,
1568 626 1609 669 a
1624 601 1670 669 d
1684 602 1919 670 ductus
1966 611 2034 669 et
2070 600 2405 669 abductus
2451 600 2786 667 confirma·

639 710 856 779 bimus
895 707 1222 776 Emendd.
1253 707 1450 798 Prop.
1481 708 1572 776 lll.
1605 710 1669 776 3.
1704 709 2032 793 Quoniam
2064 717 2282 775 autem
2328 706 2508 797 apud
2541 706 2793 791 Quinti-

638 815 888 885 lianum
915 812 1103 881 Decl.
1149 813 1238 881 lll.
1290 816 1371 881 18
1403 839 1470 905 p.
1519 816 1635 882 74:
1682 815 2133 901 „abdicandus
2175 824 2245 882 et
2289 812 2793 906 ejurandus“

639 921 830 991 Witt.
859 921 984 989 hoc
1017 918 1377 1012 discrepatz
1408 920 1813 990 abdicandus
1845 932 1911 989 et
1942 920 2400 1014 abjurandus“
2432 918 2790 1009 eodemque

637 1028 835 1097 modo
893 1027 1172 1096 adfusus
1231 1037 1301 1095 et
1345 1028 1612 1097 effusus
1682 1027 1939 1120 (Heius.
1986 1028 2135 1096 Val.
2182 1027 2403 1095 Flacc.
2452 1026 2495 1094 l.
2546 1028 2671 1095 761
2724 1049 2790 1117 p.

642 1135 801 1227 131)
869 1144 936 1203 et
1003 1134 1182 1224 apud
1247 1135 1588 1203 Lucanum
1647 1136 1737 1201 X.
1810 1135 1937 1202 153
2008 1135 2105 1203 ab
2122 1128 2388 1220 ductus}
2459 1132 2787 1201 advectus

613 1240 935 1333 .(Vratisl.
984 1239 1092 1332 3),
1153 1262 1190 1307 e
1205 1251 1434 1309 vectus
1493 1240 1777 1333 (Oxou.)
1834 1251 2209 1331 permutata
2254 1242 2677 1309 inveniuntur
2723 1249 2792 1307 et

635 1350 704 1414 in
749 1346 951 1416 Anth.
996 1346 1145 1414 Lat.
1191 1346 1259 1414 ll.
1309 1348 1458 1434 185,
1505 1346 1549 1414 5
1593 1350 1664 1415 in
1710 1347 1855 1418 cod.
1902 1349 2095 1417 Voss.
2140 1348 2246 1417 Et
2307 1351 2564 1441 jurata,
2612 1344 2790 1445 apud

636 1454 914 1523 Statium
942 1452 1182 1521 Achill.
1227 1452 1294 1521 ll.
1347 1455 1471 1522 187
1551 1454 1619 1521 lt
1650 1458 1931 1546 jurata
1972 1456 2217 1524 factum
2248 1464 2367 1541 est,
2423 1454 2601 1545 quod
2631 1462 2783 1520 ante

635 1561 851 1628 fuerat
894 1560 989 1651 Ej
1007 1570 1277 1647 urata,
1324 1562 1600 1630 fortasse
1649 1584 1783 1629 non
1829 1561 2136 1647 deerunt,
2206 1563 2318 1652 qui
2364 1560 2784 1649 simul·prae-

635 1668 851 1735 ferant
892 1669 963 1757 ej
980 1688 1025 1733 u
1039 1690 1123 1735 ro
1189 1676 1257 1736 et
1307 1670 1519 1758 ipsam
1561 1666 2008 1757 Rehdigerani
2057 1668 2209 1736 libri
2268 1668 2649 1736 memoriam
2690 1687 2789 1733 re·

633 1775 917 1841 tineant:
963 1776 1221 1865 ejuro‚
1258 1776 1480 1866 justo
1530 1776 1584 1841 si
1630 1776 1859 1843 funere
1906 1797 2099 1845 carae
2148 1774 2467 1866 Conjugis
2524 1773 2777 1841 invenit

636 1877 945 1968 Orpheus
968 1879 1147 1969 quod
1167 1885 1479 1949 caneret“
1500 1883 1679 1973 ipsas
1700 1882 2070 1973 Eurydices
2100 1883 2449 1973 exsequias
2480 1879 2781 1947 distincte

635 1984 765 2050 dici
796 1986 923 2052 rati
953 2024 1043 2037 -—
1070 2008 1222 2054 nam
1253 1987 1322 2053 in
1353 1987 1484 2056 alia
1523 1992 1850 2057 sententia
1878 1990 2161 2079 positum
2193 1997 2294 2057 est
2338 1989 2408 2055 in
2435 1984 2641 2053 Theb.
2671 1982 2780 2051 Vl.

641 2090 798 2163 175:
843 2090 1116 2161 vulnere
1164 2092 1516 2184 (funere)
1564 2097 1795 2187 justo
1852 2096 2259 2164 Exsaturata
2316 2091 2785 2164 oculos—aut

634 2196 1052 2267 Parmensem
1095 2198 1334 2268 librum
1389 2210 1746 2291 sequantur
1791 2203 1928 2271 sive
1975 2203 2096 2271 sic:
2157 2203 2226 2293 ej
2243 2223 2418 2287 uro,
2462 2199 2785 2267 inviso“

635 2306 776 2373 sive
823 2306 892 2371 in
935 2304 1107 2374 hunc
1149 2305 1415 2375 modum
1469 2307 1847 2376 scribendo:
1897 2310 2111 2399 ejuro,
2163 2309 2339 2376 viso
2387 2308 2444 2376 si
2488 2307 2784 2389 funere‚“

634 2420 707 2478 ut
737 2410 988 2480 Lucan.
1019 2412 1109 2480 lll.
1145 2414 1306 2481 730:
1339 2415 1450 2503 qui
1481 2415 1758 2483 funere
1790 2416 1965 2483 viso
1994 2414 2311 2482 Pervenit
2334 2412 2422 2482 ad
2441 2412 2783 2503 puppim.“

636 2518 906 2609 Coripp.
937 2519 1100 2588 Iust.
1132 2518 1221 2587 lll.
1253 2519 1372 2587 58:
1421 2522 1594 2589 viso
1643 2522 1925 2588 funere
1967 2520 2279 2589 flebant.“
2323 2517 2597 2609 Joseph.
2642 2516 2779 2584 Jsc.

632 2623 745 2690 Vl.
793 2626 944 2693 390.
992 2626 1054 2691 E
1057 2628 1349 2715 jurare
1396 2628 1570 2694 enim
1615 2629 1673 2695 is
1721 2626 1979 2713 dicitur,
2028 2628 2142 2717 qui
2158 2629 2364 2717 jurat,
2406 2624 2590 2716 ‘quod
2620 2624 2786 2691 desi·

635 2728 935 2817 deretur,
988 2756 1032 2799 a
1075 2755 1147 2801 se
1190 2735 1517 2822 praestari
1561 2757 1696 2805 non
1740 2756 1969 2823 posse:
2016 2735 2113 2800 ita
2157 2732 2317 2801 dicit
2344 2730 2588 2800 Paulus
2633 2731 2785 2797 Dia-

635 2858 838 2904 conus
881 2837 1049 2905 Exc.
1080 2838 1261 2907 Fest.
1293 2862 1361 2928 p.
1393 2838 1478 2905 58
1511 2840 1982 2930 confirmatque
2024 2839 2340 2908 Pithoeus
2367 2837 2543 2908 Adv.
2590 2836 2781 2907 Subs.

633 2940 698 3008 ll.
731 2943 772 3010 8
803 2966 869 3032 p.
909 2944 1036 3011 105
1066 2968 1185 3035 sq„
1217 2955 1484 3034 praeter
1511 2946 1861 3013 Pithoeum
1884 2944 2015 3032 alii,
2049 2969 2211 3037 quos
2234 2940 2784 3014 commemorandi

632 3046 814 3117 locus
855 3051 982 3118 erit
1023 3051 1095 3117 in
1137 3050 1464 3119 Emendd.
1510 3051 1707 3142 Prop.
1754 3050 1907 3119 Vlll.
1956 3054 2021 3119 3.

811 3155 1044 3246 Neque
1092 3157 1266 3223 enim
1311 3156 1580 3226 dubium
1629 3167 1757 3243 est,
1806 3158 1975 3249 'quin
2019 3178 2175 3226 vere
2192 3206 2211 3242 ‚
2281 3154 2352 3223 id
2397 3153 2574 3247 quod
2620 3152 2785 3221 dixi-

641 3283 785 3329 mus
831 3262 1055 3331 adnot.
1087 3286 1152 3331 v.
1184 3264 1293 3348 38,
1327 3263 1411 3331 ab
1442 3287 1543 3350 eo,
1577 3287 1772 3355 quem
1816 3287 1949 3333 non
1977 3262 2343 3332 nominavit
2384 3260 2780 3344 Gronovius,

635 3369 1006 3436 restitutum
1051 3370 1136 3437 sit
1179 3370 1313 3436 fun
1326 3393 1363 3437 e
1378 3391 1487 3437 re:
1536 3371 1857 3457 declarat,
1905 3380 1981 3438 ut
2024 3372 2320 3439 omittam
2365 3368 2579 3437 locum
2622 3364 2779 3433 silv.

635 3476 720 3541 V.
759 3477 816 3560 1,
849 3476 1014 3543 202:
1046 3486 1497 3566 conspecto
1530 3478 1919 3568 conjugis
1947 3478 2194 3565 igne“
2225 3499 2267 3544 a
2294 3474 2569 3544 Barthio
2600 3482 2779 3540 recte

636 3591 832 3671 atque
911 3582 1140 3650 ordine
1231 3593 1594 3651 correctum
1612 3634 1631 3667 ‚
1702 3583 1811 3650 vel
1871 3582 2081 3651 altera
2154 3583 2347 3674 hujus
2422 3579 2781 3650 sententiae

635 3710 821 3777 pars:
871 3688 925 3755 si
985 3688 1225 3757 busta
1282 3690 1467 3758 Lini
1521 3688 1901 3781 complexus
1959 3688 2268 3780 Apollo.“
2370 3690 2779 3777 Quamquam

634 3816 718 3861 ne
788 3792 914 3864 hoc
981 3796 1246 3885 quidem
1313 3797 1483 3865 vidit
1530 3797 1905 3864 Gronovius
1972 3797 2188 3865 Diatr.
2258 3820 2324 3887 p.
2394 3794 2561 3861 591:
2628 3792 2781 3879 „Sic

637 3899 941 3990 Orpheus
985 3904 1128 3970 viso
1179 3904 1322 3971 diro
1368 3904 1713 3971 vulnere
1772 3912 1964 3973 'carae
2012 3904 2338 3995 conjugis,
2397 3898 2573 3993 quod
2618 3921 2782 3966 ser-

635 4030 838 4095 pens
881 4007 1054 4103 talo
1100 4013 1280 4100 ejus
1338 4011 1804 4095 inflixerat,
1867 4010 2044 4078 haud
2110 4011 2364 4079 invenit
2420 4006 2610 4073 dulce
2656 4003 2781 4071 sibi

636 4112 813 4202 quod
867 4120 1208 4182 caneret“:
1257 4114 1365 4183 ille
1413 4116 1678 4207 quidem
1724 4125 1903 4183 certe
1956 4116 2063 4182 hic
2123 4136 2256 4183 non
2313 4136 2563 4181 memor
2617 4110 2780 4179 silv.

640 4220 724 4286 V.
777 4222 836 4285 1.
885 4222 1046 4288 204:
1096 4224 1475 4312 tristemque
1531 4244 1808 4311 rogum
1878 4224 2053 4289 sine
2112 4221 2474 4289 carmine
2533 4218 2781 4285 flevit.“

632 4326 946 4395 Funere
980 4330 1361 4421 conjugis
1393 4336 1612 4395 autem
1642 4351 1775 4396 non
1805 4329 2017 4395 minus
2042 4338 2224 4395 caret
2248 4324 2776 4417 reprehensione,

631 4454 826 4521 quam
873 4433 1122 4501 Lucan.
1153 4434 1305 4501 VII.
1342 4436 1462 4502 39:
1533 4434 1967 4517 „Lacerasset
2012 4436 2191 4499 crine
2240 4431 2452 4501 soluto
2497 4431 2776 4498 Pectora
