3234 4967
753 390 854 441 252
1553 386 1598 441 C
1609 388 1711 455 onj
1722 403 1751 439 e
1763 396 1834 445 et.
1872 388 2081 442 xvm.

753 557 971 611 afflictos
1008 564 1266 624 turparem
1303 571 1404 623 ego
1439 558 1669 624 proditor
1701 557 1937 623 Argos?“
2012 560 2138 611 Silv.
2174 558 2217 611 Ι.
2253 562 2300 621 2,
2340 550 2467 611 128:
2514 558 2903 625 Clymeneaque

753 644 975 694 deesse
1014 641 1272 695 Ger-mina.
1298 643 1362 695 11.
1393 647 1438 704 1,
1464 645 1589 696 136:
1628 642 1753 695 Sola
1784 645 2073 693 verecundo
2109 644 2339 693 deerat
2372 650 2646 709 praetexta
2669 642 2897 695 decori!

752 726 820 780 V.
859 730 906 787 2,
946 729 1072 780 1623
1143 728 1227 777 Tu
1265 729 1507 789 deeris,
1545 727 1795 793 Crispine,
1843 723 2017 789 mihi“‚
2078 728 2414 780 firmissimum
2450 728 2631 778 videor
2688 728 2897 787 afferre,

752 827 843 863 eur
879 827 1154 876 pernegcm
1191 810 1404 861 Statium
1443 814 1711 863 recessisse
1747 813 1810 865 ab
1846 813 2151 877 optimorum
2189 828 2507 878 quorumque
2562 821 2716 877 atque
2760 812 2895 861 adeo

754 896 976 946 omnium
1013 896 1318 961 scriptorum
1355 897 1610 962 exemplo,
1649 897 1712 946 de
1740 910 1839 959 quo
1865 904 1916 945 et
1938 896 2120 947 Velius
2146 896 2357 961 Longus
2394 898 2531 947 testis
2567 906 2643 947 est
2659 913 2708 961 p.
2730 898 2900 946 2227:

757 982 840 1042 „iu
877 980 974 1029 hac
1010 989 1176 1029 autem
1213 982 1285 1030 de
1320 982 1723 1047 praepositione,
1783 994 1937 1045 quam
1974 982 2083 1031 dixi
2119 981 2325 1047 plenam
2360 981 2634 1046 praeponi,
2669 982 2899 1031 animad-

752 1066 1051 1114 vertendum
1088 1064 1244 1126 illud,
1306 1066 1446 1131 quod
1483 1066 1819 1126 imminuitur,
1869 1065 1913 1117 si
1950 1067 2153 1129 quando
2190 1081 2405 1130 sequens
2444 1081 2548 1116 vox
2583 1081 2614 1115 a
2647 1066 2814 1116 littera
2846 1064 2899 1113 E

749 1148 940 1214 incipit,
1001 1156 1057 1198 ut
1091 1157 1172 1200 est
1207 1151 1492 1211 dertare,
1555 1152 1763 1210 desse,
1824 1165 1927 1214 qua
1986 1150 2332 1201 enuntiatione
2396 1150 2587 1201 sufficit
2621 1152 2734 1215 ipsa
2767 1165 2889 1215 pro-

751 1232 950 1284 ductio“
993 1231 1092 1297 (sic
1128 1234 1258 1284 euim
1298 1250 1411 1285 eum
1449 1236 1620 1285 locum
1656 1237 1883 1285 correxit
1918 1236 2282 1285 Lachmaunus
2319 1237 2527 1288 Lucret.
2562 1235 2606 1285 1.
2643 1236 2711 1285 43
2747 1251 2797 1299 p.
2824 1236 2895 1284 20

753 1317 817 1369 cf.
855 1318 983 1369 Luc.
1021 1318 1259 1371 Mueller.
1295 1321 1358 1369 de
1392 1320 1470 1369 Re
1507 1316 1658 1373 Metr‘.
1695 1336 1744 1384 p.
1784 1321 1898 1372 247.
1938 1322 2053 1371 253.
2123 1321 2339 1375 Bitschl.
2376 1321 2509 1373 Mus.
2537 1317 2897 1373 Rheuxxn.

751 1419 802 1469 p.
846 1400 970 1466 612)
1032 1414 1080 1453 et
1141 1400 1392 1455 Barthins
1450 1400 1619 1455 Theb.
1656 1404 1726 1457 X.
1765 1406 1867 1455 230
1924 1407 2163 1470 p..1158.
2233 1406 2473 1457 Heinsius
2526 1403 2795 1457 Claudian.
2829 1404 2898 1455 R.

627 1518 638 1529 -
747 1488 893 1543 Pros.
933 1488 1000 1543 11,
1039 1490 1138 1539 287
1197 1506 1246 1554 p.
1285 1490 1400 1540 592.
1474 1488 1680 1539 Cottius
1717 1491 1913 1541 Lucan.
1952 1490 1995 1545 1.
2032 1492 2130 1541 349
2190 1507 2239 1555 p.
2278 1492 2359 1541 98.
2429 1490 2739 1539 Arntzenius
2776 1487 2893 1541 Cat.

747 1572 883 1623 Dist.
919 1573 962 1624 1.
1000 1575 1066 1623 24
1101 1590 1150 1638 p.
1188 1574 1268 1625 64.
1341 1573 1637 1639 Lennepius
1674 1584 1723 1623 et
1752 1589 1888 1638 quos
1923 1574 2189 1639 Lennepio
2249 1588 2403 1641 supra
2462 1573 2789 1637 adjunximus
2836 1582 2893 1623 et

750 1660 836 1721 qui
873 1665 1128 1707 tantorum
1165 1658 1428 1707 nominum
1463 1659 1657 1709 nullam
1692 1660 1939 1717 rationem
1975 1660 2179 1722 habuit,
2216 1657 2407 1709 Axtius
2442 1658 2683 1723 Spurinn,
2719 1675 2767 1724 p.
2801 1660 2890 1709 45.

749 1742 948 1803 Quibus
983 1758 1076 1793 nos
1121 1743 1218 1807 ipsi
1257 1743 1542 1793 accedimus
1578 1744 1867 1807 adjiciendo
1893 1745 2299 1809 supplementum
2336 1744 2417 1793 vel
2442 1745 2715 1793 maximum
2748 1744 2893 1793 Mar-

746 1827 904 1877 tialis:
943 1829 1122 1877 deest
1156 1827 1201 1890 1,
1239 1829 1319 1888 92,
1358 1829 1404 1877 4.
1478 1826 1599 1878 VII.
1638 1828 1719 1885 34,
1756 1829 1805 1879 6.
1874 1828 1943 1879 X.
1983 1831 2067 1891 18,
2104 1829 2151 1878 3.
2210 1830 2293 1889 48,
2333 1831 2411 1882 10.
2472 1830 2695 1879 deesse
2734 1826 2888 1879 VIII.

747 1913 828 1973 56,
865 1911 911 1961 3.
984 1910 1084 1961 IV.
1121 1912 1204 1975 67,
1241 1913 1288 1961 3.
1359 1913 1580 1961 deerat
1612 1912 1738 1963 XII.
1777 1913 1870 1974 32,
1911 1916 1989 1965 18.
2062 1914 2335 1963 deerant
2368 1912 2493 1965 VII.
2530 1914 2611 1974 96,
2648 1915 2697 1965 3.
2748 1914 2891 1967 XII.

743 1998 832 2057 44,
885 1998 930 2047 7.
1002 1995 1217 2046 deerit
1268 1994 1424 2049 VIII.
1478 1998 1558 2056 21,
1622 2000 1703 2049 12.
1772 1996 1898 2047 XII.
1939 2000 2019 2057 14,
2057 1999 2085 2047 7
2136 1996 2362 2061 (Thuan.
2398 1996 2613 2067 derit).
2686 1999 2767 2059 29,
2804 1998 2889 2049 13.

747 2082 1030 2131 deerunt
1065 2080 1134 2129 V.
1171 2081 1252 2141 60,
1292 2083 1320 2129 8
1383 2078 1654 2145 (derunt
1690 2082 1843 2133 Voss.
1906 2089 2011 2147 opt.
2073 2081 2233 2144 Fun).
2307 2086 2387 2143 78,
2431 2084 2478 2133 3.
2548 2082 2701 2131 VIII.
2739 2084 2819 2144 56,
2858 2086 2890 2135 5

747 2164 1007 2229 (derunt
1041 2163 1203 2227 Pae).
1271 2152 1368 2219 Χῖ.
1408 2152 1492 2226 52,¹
1530 2167 1576 2214 7.
1640 2164 1703 2216 cf.
1742 2164 1833 2216 sn.
1873 2165 1941 2217 v,
1982 2167 2057 2217 10.
2133 2166 2253 2215 vn.
2288 2168 2405 2220 498.
2474 2166 2656 2218 Manu.
2690 2166 2733 2221 1.
2770 2170 2887 2219 888.

745 2250 1016 2303 Claudian.
1051 2248 1196 2299 Eutr.
1229 2248 1274 2299 1.
1335 2250 1460 2300 243:
1517 2248 1587 2299 Et
1621 2251 1794 2310 sentit,
1846 2250 1957 2313 jam
2004 2251 2227 2301 deesse
2277 2252 2427 2301 viros.
2497 2250 2709 2302 Petrou.
2756 2248 2890 2304 Mur..

743 2336 891 2400 Reip.
926 2334 1071 2384 Rom.
1110 2335 1238 2384 198:
1291 2349 1386 2384 nec
1423 2360 1486 2370 —
1523 2336 1661 2383 venti
1697 2336 1983 2385 Deerant
2019 2343 2107 2385 aut
2152 2336 2347 2385 tumida
2380 2335 2701 2387 confractum
2736 2353 2891 2402 gran-

743 2421 862 2470 dine
899 2415 1147 2469 coelum.“
1219 2418 1415 2485 Paneg.
1452 2418 1558 2469 Pis.
1596 2420 1653 2471 6:
1726 2419 1856 2469 Vita
1888 2418 2019 2470 foret
2056 2434 2188 2485 quae
2241 2420 2286 2469 si
2320 2421 2579 2473 deesset
2626 2422 2719 2473 tibi
2752 2422 2887 2475 forte

742 2502 959 2558 creat0.“
1032 2503 1248 2568 Joseph.
1287 2505 1387 2553 Isc.
1422 2503 1464 2556 1.
1502 2505 1632 2554 2702
1702 2502 1812 2553 Nec
1866 2505 2133 2555 deerant
2186 2506 2372 2561 hostes.
2446 2505 2539 2560 VI.
2578 2508 2706 2559 2932
2777 2509 2886 2558 de-

743 2598 954 2651 erant,
991 2604 1121 2652 quos
1156 2590 1374 2653 perdere
1410 2585 1663 2652 possem.“
1743 2590 1871 2639 848:
1922 2588 2015 2639 Me
2052 2590 2289 2640 miseram
2325 2591 2622 2641 deeritne
2655 2592 2881 2644 hostin*

741 2674 954 2725 Gualth.
989 2673 1145 2724 Alex,
1183 2674 1223 2725 1.
1259 2674 1385 2727 490:
1455 2672 1557 2722 hoe
1614 2688 1771 2722 unum
1808 2674 1932 2723 mihi
1992 2676 2220 2725 deesse
2269 2674 2507 2727 timeb0.“
2582 2676 2652 2727 V.
2685 2679 2821 2741 468„
2854 2693 2888 2727 a

742 2775 959 2825 quorum
996 2758 1239 2824 exemplo
1275 2758 1484 2809 descivit
1519 2757 1771 2809 Barlaeus
1807 2757 2011 2813 Hei-oie.
2048 2760 2117 2811 Π.
2155 2776 2207 2825 p.
2243 2762 2368 2811 347:
2405 2775 2499 2810 nee
2534 2775 2590 2811 se
2627 2786 2690 2798 —
2728 2777 2883 2827 gene·

740 2845 843 2895 trix
877 2859 1063 2909 magna
1091 2844 1340 2915 deesse
1377 2842 1561 2909 cupit,“
1601 2858 1704 2893 non
1739 2844 1861 2893 item
1900 2842 1998 2895 IV.
2033 2860 2084 2908 p.
2120 2846 2247 2895 620:
2290 2842 2399 2895 Nec
2437 2846 2717 2897 deerunt
2748 2847 2885 2897 Har-

739 2930 1072 2995 pedophorus
1108 2936 1407 2994 torrensque
1441 2924 1723 2979 Phobetor.
1761 2930 1890 2979 6282
1950 2927 2070 2978 Non
2106 2929 2376 2981 Charitum
2430 2931 2648 2981 deerat
2682 2929 2881 2985 decor.“

727 2998 922 3079 'Itaque
957 3012 1030 3064 sie
1068 3014 1303 3065 existimo
1338 3012 1434 3107 sz
1471 3016 1594 3065 276:

1486 3116 1538 3165 D
1553 3130 1580 3166 e
1595 3130 1625 3166 e
1640 3122 1693 3165 st
1727 3116 1930 3166 servitio
1965 3115 2145 3181 plebes

739 3216 912 3281 (codd.
950 3218 1136 3267 Behot.
1194 3217 1334 3268 Jam
1387 3217 1588 3269 deest.
1654 3214 1815 3268 defit
1848 3217 2089 3267 Bernart.
2127 3216 2289 3267 Theb.
2325 3216 2397 3268 11.
2437 3218 2535 3268 187
2593 3232 2644 3283 p.
2684 3218 2763 3269 78.
2802 3217 2876 3283 Β)

739 3292 918 3353 rerum
954 3316 1080 3362 esse,
1133 3303 1274 3365 quod·
1323 3309 1373 3352 et
1421 3302 1475 3351 in
1510 3302 1830 3366 Frisingensi
1880 3301 2013 3353 libro
2065 3308 2340 3351 exaratum
2393 3303 2562 3367 reperi
2614 3311 2668 3354 et
2704 3319 2737 3354 a
2769 3318 2881 3355 cor-

738 3394 943 3439 rectore
977 3388 1302 3439 Monaeensis
1363 3387 1556 3439 codicis
1615 3375 1925 3453 proditumz'
1956 3386 2209 3437 Desunt
2259 3388 2462 3439 servitio
2498 3382 2709 3453 plebe?
2773 3390 2879 3442 sive

740 3488 856 3523 eum
892 3473 1110 3525 aliorum
1147 3472 1386 3523 librorum
1420 3480 1528 3522 tum
1567 3474 1701 3535 ejus,
1761 3488 1863 3537 quo
1923 3472 2115 3537 optimo
2149 3488 2273 3523 usus
2306 3478 2391 3523 est
2424 3473 2691 3536 Bar-thius,
2727 3473 2876 3525 fidem

738 3542 997 3625 potiorem
1034 3558 1178 3610 ducis
1215 3558 1309 3622 (ef.
1347 3558 1519 3611 Burm.
1558 3556 1824 3609 claudian.
1862 3556 1980 3611 Buf.
2006 3556 2091 3607 ·11.
2132 3560 2228 3608 177
2264 3574 2315 3625 p.
2355 3556 2475 3622 80):

1384 3665 1641 3721 Desunt
1676 3669 1993 3719 saevitiae
2029 3668 2209 3734 plebes

737 3779 820 3845 (ut
854 3778 1000 3846 Virg.
1041 3782 1172 3832 Aen.
1209 3766 1445 3837 X.·3782
1505 3782 1714 3831 Deest
1764 3780 1871 3844 jam
1908 3788 2046 3830 terra
2097 3780 2302 3847 fugae.
2372 3778 2648 3847 Hegesipp.
2686 3779 2751 3836 V.
2790 3780 2881 3831 21:

737 3868 968 3916 deerat
1018 3866 1124 3930 jam
1183 3874 1320 3916 terra
1379 3860 1735 3929 tumulis“).
1807 3864 1953 3925 Quae
1986 3867 2245 3916 sententia
2278 3867 2462 3931 quibus
2498 3866 2689 3917 firmari
2726 3874 2883 3933 queat

735 3950 914 4015 plures
949 3952 1281 4015 suppeditant
1314 3953 1555 4001 rationes.
1628 3950 1856 4025 'Etim-um
1894 3950 2026 3999 enim
2061 3950 2163 4000 hoc
2201 3952 2387 4015 legitur
2430 3952 2570 4017 apud
2598 3951 2878 4018 Con-ippum

733 4035 868 4085 Just.
903 4035 967 4089 11.
1007 4038 1137 4088 216:
1173 4036 1428 4101 disponite
1464 4036 1700 4100 plebes
1736 4058 1799 4070 ——
1837 4034 2011 4098 thue
2063 4037 2221 4100 pedes
2277 4036 2515 4101 proprios
2563 4044 2616 4086 et
2649 4036 2879 4087 membru

735 4119 933 4168 minora
966 4118 1187 4172 fovete.“
1262 4120 1388 4170 3082
1425 4134 1584 4169 aurea
1617 4120 1845 4185 plebes
1882 4120 2139 4183 Tempora
2173 4122 2481 4186 principibus
2519 4122 2747 4171 centenis
2782 4136 2874 4171 vo·

735 4204 878 4253 cibus
915 4201 1196 4269 optant.“
1271 4206 1400 4255 351:
1455 4204 1645 4255 Ditabo
1682 4204 1909 4269 plebes
1955 4204 2184 4270 opibus.“
2258 4204 2356 4256 IV.
2394 4208 2487 4257 502
2556 4205 2727 4257 Tanta
2784 4220 2878 4255 nee

733 4286 1090 4340 Inachides
1150 4297 1420 4340 secuerunt
1475 4290 1661 4340 robora
1717 4288 1955 4355 plebes.
2026 4276 2117 4341 7'2:
2188 4288 2257 4337 Et
2290 4291 2437 4341 donis
2496 4298 2675 4357 aptare
2712 4292 2868 4352 sinus,

736 4386 869 4435 quae
904 4372 1122 4438 piurima
1160 4374 1340 4425 consul
1375 4374 1436 4424 In
1473 4371 1697 4440 plebes
1734 4376 1977 4425 missurus
2012 4388 2138 4425 eret.
2194 4377 2317 4427 254:
2353 4376 2463 4425 viso
2498 4383 2621 4427 tuno
2656 4376 2873 4428 consule
