3234 4967
1281 405 1576 470 Conject.
1615 405 1739 454 XII.
2478 407 2576 456 207

443 570 567 643 (vid.
608 581 779 630 adnot.
814 577 995 644 Eclog.
1033 595 1077 626 v.
1121 575 1214 642 34)
1253 579 1306 626 id
1347 583 1425 626 est
1461 591 1565 625 non
1601 585 1881 635 arrectam,
1920 575 2011 624 sed
2046 576 2311 628 demissam
2354 569 2579 639 (Peerlk.

442 666 567 714 Hor.
607 665 775 714 Carm.
815 665 882 714 II.
924 665 986 714 13
1024 680 1072 728 p.
1111 665 1209 714 205
1246 677 1319 726 sq.
1359 661 1421 711 cf.
1461 661 1616 712 Psell.
1658 661 1753 725 op.
1792 677 1840 725 p,
1883 663 2011 710 142:
2041 659 2116 732 jc&
2164 657 2275 711 ὦτα
2312 655 2582 729 ὀρθώσετε.

443 751 579 800 Him.
617 749 704 801 Or.
730 748 937 800 XXIII.
966 751 995 798 2
1017 765 1064 816 p.
1087 751 1212 800 770:
1251 744 1346 814 ἐγὼ
1385 743 1475 811 μὲν
1511 741 1681 812 ὀρθοῖς
1716 741 1831 794 καθ’
1871 744 2081 812 ἑκάστην
2117 743 2307 814 ἡμέραν
2344 742 2587 812 εἱστήκειν

444 839 546 889 τοῖς
583 831 675 884 ὠσὶ
712 831 833 900 πρὸς
867 833 960 902 τὴν
995 831 1150 901 ἀκοὴν
1185 830 1277 901 τὴν
1312 827 1627 902 τριπόθητον.
1682 833 1849 881 Boiss.
1886 831 2090 896 Eunap.
2116 848 2163 895 p.
2184 833 2283 881 359
2314 839 2363 879 et
2387 829 2581 884 Anecd.

443 920 510 969 V.
547 936 596 983 p.
626 921 726 969 270
762 919 824 968 cs.
861 919 974 968 Jac.
1012 919 1253 970 Philostr.
1292 919 1382 966 Im.
1419 917 1461 968 I.
1502 917 1564 966 19
1601 933 1652 980 p.
1680 915 1831 980 326);
1868 917 1989 966 satis
2026 917 2157 964 enim
2194 916 2423 979 congruit
2456 915 2585 964 illud

443 1004 676 1053 Platonis
703 1004 832 1068 ch.
859 1005 924 1057 X.
945 1020 995 1068 p.
1015 1005 1132 1054 613.
1154 1003 1222 1054 C:
1257 1001 1320 1052 τὰ
1355 998 1465 1050 ὦτα
1501 999 1581 1050 ἐπὶ
1617 1004 1723 1050 τῶν
1760 998 1919 1067 ὤμων
1956 998 2155 1071 ἔχοντες
2190 1015 2301 1049 cum
2338 997 2584 1048 his'Statii

443 1089 763 1152 aliorumque
799 1088 1075 1153 exemplis:
1131 1089 1419 1152 collaque
1464 1089 1832 1136 demersere
1878 1087 2188 1145 humeris,
2236 1099 2583 1147 mersusque

441 1176 754 1235 humeris,
793 1189 998 1224 mersa
1021 1189 1200 1234 nare,
1236 1186 1451 1222 mersa
1475 1171 1740 1232 lumina,
1769 1186 1901 1236 quae
1928 1177 2317 1235 composuerunt
2343 1171 2585 1219 Bai-thius

443 1259 603 1307 Theb.
641 1259 735 1308 VI.
775 1262 874 1308 800
899 1260 1078 1323 ·p.605
1119 1255 1206 1322 (cf.
1243 1257 1309 1310 V.
1351 1257 1475 1308 503:
1513 1256 1909 1320 languentiaque
1946 1271 2057 1305 ora
2094 1255 2474 1304 comantiMer
2486 1255 2582 1317 git

442 1342 622 1407 humo)
660 1352 710 1393 et
743 1344 1072 1393 Burmannus
1113 1343 1325 1403 Quintil
1365 1339 1512 1391 Deel.
1537 1341 1688 1390 XIX.
1713 1341 1748 1389 4
1783 1357 1833 1404 p.
1860 1341 1976 1391 366.
2012 1341 2125 1394 add
2164 1338 2369 1405 Coripp
2403 1339 2489 1389 J0.
2511 1340 2581 1387 V.

443 1429 569 1480 323.
613 1429 747 1478 cutis
795 1435 928 1490 aret,
951 1429 1232 1517 lumina
1278 1442 1511 1504 mersa,
1565 1425 1799 1476 Infectae
1848 1425 2049 1490 pallore
2095 1425 2307 1488 genaef‘
2397 1426 2577 1488 Atque

443 1512 544 1562 hoc
578 1513 808 1576 quidem:

1030 1612 1407 1662 mersamque
1443 1611 1673 1647 accessus
1710 1597 1773 1644 ad
1812 1609 1985 1644 aurem

448 1679 576 1744 (sive
611 1683 784 1732 nullus
821 1699 1052 1732 accessus
1093 1683 1186 1732 nisi
1236 1684 1300 1731 ad
1347 1697 1562 1730 mersam
1607 1679 1807 1744 aurem)
1860 1680 2063 1730 minime
2115 1681 2239 1730 late't
2276 1679 2443 1730 Statio
2490 1681 2583 1728 ali-

446 1776 640 1831 quanto
677 1769 878 1832 dignius
916 1784 1042 1828 esse,
1079 1785 1229 1832 quam
1265 1769 1396 1818 istud
1434 1767 1622 1816 Kochii
1657 1767 1917 1814 inventum
1956 1764 2184 1829 Conject.
2223 1782 2273 1830 p.
2313 1766 2393 1814 16:
2432 1767 2583 1815 miser

441 1861 631 1916 atque
668 1869 900 1904 accessus
937 1855 1000 1903 ad
1039 1853 1266 1902 aure-e.“
1343 1853 1490 1912 Quod
1531 1858 1721 1900 tantum
1758 1849 1944 1909 abfuit,
1984 1857 2037 1898 ut
2074 1851 2455 1898 confirmaretur
2492 1856 2583 1898 ant

441 1938 608 1989 Theb.
645 1937 712 1988 V.
751 1939 877 1989 594:
931 1939 1211 2002 ingeminat
1263 1937 1491 1986 misera
1535 1936 1757 1985 oscula
1798 1941 1993 1983 tantum
2031 1933 2369 1985 Incumbens“
2429 1941 2580 1998 atque

442 2023 690 2085 ejusmodi
727 2024 879 2084 locis,
937 2024 1124 2086 quibus
1163 2022 1292 2073 effici
1330 2023 1590 2071 videretur
1636 2021 1925 2069 miserum
1970 2020 2209 2069 aditum
2263 2024 2367 2068 nou
2416 2021 2581 2068 minus

447 2117 581 2158 recte
617 2107 744 2168 dici,
795 2123 944 2170 quam
981 2109 1336 2174 superbum
1362 2105 1507 2168 (Seu.
1541 2105 1691 2156 Herc¹
1730 2104 1847 2156 Fur.
1888 2103 2007 2167 164)
2044 2113 2196 2168 atque
2233 2106 2285 2154 in
2327 2105 2583 2154 contraria

443 2195 692 2242 sententia
725 2193 984 2242 facilem
1024 2202 1075 2242 et
1110 2193 1364 2243 mollem
1404 2187 1604 2257 (Burm.
1646 2189 1859 2250 Quintil.
1894 2189 2211 2242 De01.1x.2
2241 2207 2288 2254 p.
2316 2187 2451 2253 191),
2490 2195 2579 2237 aut

443 2276 567 2328 Sen.
615 2277 716 2342 Ag.
754 2280 879 2328 418:
933 2277 1120 2340 refugit
1171 2278 1313 2341 loqui
1364 2277 1519 2326 Mens
1575 2290 1731 2338 aegra
1783 2275 1981 2324 tantis
2034 2277 2226 2339 atque
2278 2261 2580 2323 inhorrescit

443 2363 634 2412 malis.“
720 2363 899 2413 Octav.
949 2365 1062 2412 110.
1112 2364 1224 2413 165.
1269 2365 1384 2412 474.
1423 2363 1538 2412 561.
1596 2360 1799 2426 Coripp.
1855 2361 1941 2412 J0.
1978 2360 2075 2410 VI.
2133 2361 2245 2410 165.
2284 2359 2408 2412 V11.
2467 2360 2577 2410 140.

443 2448 692 2498 Priscian.
731 2447 930 2511 Perieg.
970 2449 1086 2496 414.
1124 2446 1238 2498 521.
1276 2449 1376 2497 919
1421 2463 1483 2496 ac
1521 2436 1863 2510 disputatione
1902 2445 2115 2510 Hauptii
2153 2443 2299 2494 obse.
2336 2461 2386 2508 p.
2406 2446 2473 2496 45
2502 2459 2576 2506 sq.

441 2534 652 2582 laudata
689 2549 720 2582 a
755 2533 1094 2582 Lachmanno
1131 2532 1338 2581 Lucret.
1375 2531 1470 2584 ΙΙΙ.
1512 2533 1608 2582 531
1648 2547 1698 2596 p.
1738 2532 1849 2592 173,
1884 2535 1949 2580 ‘ut
1986 2531 2245 2594 quoddam
2284 2530 2425 2592 quasi
2463 2529 2575 2578 fun-

443 2619 730 2667 damentum
769 2617 833 2666 ab
871 2633 930 2666 eo
966 2633 1016 2681 p.
1057 2619 1120 2667 13
1156 2617 1430 2666 haberetur
1465 2632 1641 2666 versus
1680 2617 1842 2667 Theb.
1882 2615 2005 2664 XII.
2044 2617 2170 2665 808:

728 2701 838 2750 Vix
872 2717 1036 2751 novus
1073 2702 1169 2750 ista
1205 2701 1348 2750 furor
1383 2702 1763 2766 veniensque
1800 2697 2062 2765 implesset
2096 2699 2288 2764 Apollo

441 2787 514 2837 sic
550 2787 913 2836 constituendi:
961 2801 1164 2835 novus
1203 2794 1399 2850 atque
1437 2787 1700 2851 implesset
1738 2784 1978 2850 Ap0110.“
2054 2785 2300 2834 Nimirum
2340 2785 2422 2848 qui
2462 2782 2575 2832 Sta-

442 2873 564 2921 tium
602 2885 694 2922 sua
730 2873 886 2936 ipsius
925 2871 1159 2920 doctrina
1195 2873 1460 2921 metiretur
1497 2872 1685 2921 accidit
1721 2879 1777 2919 ut
1810 2879 1859 2920 et
1892 2871 2109 2920 librariis
2152 2877 2287 2920 esset
2329 2871 2578 2918 incautior

440 2959 665 3022 sequutis
703 2957 892 3021 aliquid
930 2957 980 3005 in
1015 2956 1218 3006 nomine
1255 2972 1454 3006 novus
1491 2955 1647 3006 semel
1684 2957 1926 3020 ponendo
1964 2961 2015 3004 et
2050 2956 2188 3018 quod
2226 2962 2369 3018 esset
2406 2971 2437 3003 a
2461 2955 2573 3002 lati-

438 3058 618 3092 norum
666 3043 967 3107 scriptorum
1017 3043 1382 3092 consuetudine
1427 3042 1719 3106 longissime
1774 3041 2057 3103 sejunctum
2109 3039 2217 3106 (qui
2272 3055 2400 3104 quos
2454 3041 2575 3088 deos

441 3143 642 3177 novos
680 3129 992 3187 vocaverint,
1031 3129 1180 3176 docet-
1215 3125 1554 3176 Ruhnlzenius
1590 3125 1781 3188 V‘ellej.
1820 3125 1888 3176 ΙΙ.
1928 3129 1993 3176 82
2029 3143 2079 3191 p.
2123 3129 2217 3178 155
2256 3133 2309 3175 et
2336 3123 2574 3174 Sidonius

442 3212 670 3276 Apollin.
707 3212 873 3276 Epist.
913 3211 1067 3262 VIII.
1106 3215 1136 3262 9
1172 3229 1222 3276 Ρ.
1261 3213 1387 3262 515.
1441 3225 1562 3272 „mc
1598 3211 1817 3260 scribere
1856 3212 1941 3275 qui
1978 3212 2193 3262 subinde
2230 3214 2369 3274 cogis
2406 3208 2485 3258 Ac
2534 3210 2575 3257 si

441 3323 503 3330 —-
542 3311 747 3344 novus
787 3297 1032 3361 Apollo
1071 3323 1132 3332 -—
1173 3297 1394 3361 gryphas
1430 3294 1631 3360 agamf‘
1674 3310 1891 3358 quocum
1928 3297 2139 3346 multum
2178 3294 2432 3368 discrepat
2466 3295 2573 3343 Ha-

439 3379 628 3430 lieutici
665 3395 840 3430 versus
878 3383 940 3432 85
967 3395 1015 3446 Ρ.
1047 3383 1144 3432 184
1168 3383 1431 3432 Wernsd.:
1469 3396 1634 3430 novo
1672 3381 1938 3431 cessissent
1962 3381 2135 3430 nubila
2160 3377 2383 3444 Soli“)·,
2421 3380 2574 3430 infer-

439 3475 516 3514 ret
535 3465 642 3528 ejus
663 3467 892 3514 vocabuli
912 3467 1042 3526 loeo,
1063 3468 1196 3530 quod
1216 3481 1365 3516 nemo
1385 3467 1650 3530 negaverit
1666 3465 1785 3515 ferri
1804 3466 2032 3530 potuisse
2045 3474 2133 3515 aut
2153 3467 2224 3516 sic
2240 3465 2573 3530 explicatum:

440 3551 528 3599 vix
564 3565 638 3600 no
653 3565 762 3600 vus
799 3551 1064 3600 veniens
1099 3551 1240 3600 furor
1275 3559 1324 3601 et
1349 3551 1546 3616 Apollo
1583 3549 1875 3617 implesset“
1884 3591 1895 3614 ‚
1934 3559 1991 3601 ut
2016 3550 2227 3616 Coripp.
2249 3552 2422 3602 Jo.11.
2446 3553 2572 3600 168:

438 3636 585 3686 lucos
624 3663 685 3670 —
724 3637 1048 3700 Tempestate
1086 3643 1233 3701 putes
1271 3637 1465 3686 nimia
1499 3638 1809 3686 veniente
1852 3633 2081 3704 moveri“
2134 3644 2221 3684 aut
2267 3635 2573 3685 illustratum

439 3722 825 3786 comparatione
857 3721 1020 3770 Theb.
1057 3721 1125 3770 X.
1163 3723 1287 3771 341:
1335 3721 1502 3786 Saepe
1540 3723 1707 3783 veni,
1757 3736 1909 3785 saepe
1955 3722 2086 3770 hanc
2136 3721 2346 3785 dignare
2390 3721 2572 3770 irrum-

438 3819 556 3869 pere
593 3805 858 3854 mentemf‘
932 3801 1110 3856 Barth.
1150 3805 1244 3858 VI.
1286 3809 1384 3858 799
1421 3823 1470 3872 p.
1509 3809 1608 3858 605
1648 3805 1733 3870 (cs
1774 3813 1822 3856 et
1859 3807 2065 3858 Ruhnk
2106 3804 2255 3856 Ovid.
2292 3805 2485 3857 Her.V.
2509 3807 2573 3856 56

439 3907 486 3954 Ρ.
525 3891 590 3940 36
629 3893 684 3938 et
719 3888 842 3941 silv.
885 3894 924 3942 1
966 3893 1141 3956 6,11;
1189 3891 1337 3941 Hunc
1381 3907 1542 3942 rorem
1588 3892 1858 3942 veniens
1900 3887 2128 3956 profudit
2170 3883 2393 3950 Eurusst‘
2444 3904 2574 3953 quae

437 3975 592 4024 verba
627 3947 1069 4040 veremith
1070 3975 1466 4042 Oudendorpius
1491 3993 1566 4042 ap
1599 3975 1773 4030 Burm
1792 3975 1935 4040 Ele.g
1964 3975 2027 4024 'de
2055 3977 2251 4026 Phoen.
2268 3977 2336 4042 44
2360 3989 2408 4039 Ρ.
2430 3973 2567 4026 1041

440 4059 504 4109 cf.
541 4061 596 4109 in
633 4059 772 4112 Suet.
809 4060 944 4126 Aug
980 4063 1044 4112 98
1081 4078 1128 4126 Ρ.
1155 4061 1294 4124 335).
1367 4063 1687 4127 Quamquam
1725 4075 1825 4125 ego
1861 4074 1966 4110 uon
2003 4060 2179 4142 dubito
2217 4058 2443 4110 veritatis
2478 4067 2571 4109 nu·

437 4145 586 4196 meris
621 4145 726 4195 hoc
764 4145 966 4196 demum
1003 4147 1290 4197 absolutum
1327 4146 1518 4198 dicere:

724 4226 834 4281 vix
870 4246 1030 4282 novus
1067 4233 1166 4282 ista
1200 4233 1341 4282 furor
1377 4247 1630 4284 vemens
1644 4247 1741 4297 que
1774 4207 2035 4297 implesset
2070 4222 2279 4296 Apollo,

441 4316 592 4376 Quod
631 4316 880 4380 ejusmodi
916 4317 1072 4376 locis,
1119 4317 1283 4380 qualis
1330 4325 1409 4369 est
1443 4319 1568 4367 Eur.
1605 4317 1796 4367 Bacch
1838 4317 1961 4367 300.
2008 4309 2125 4366 ὅταν
2161 4313 2273 4383 γὰρ
2290 4313 2317 4366 ὁ
2354 4311 2467 4369 θεὸς
2503 4311 2571 4370 εἰς

438 4399 494 4452 τὸ
533 4403 668 4470 σῶμ’
707 4397 834 4472 ’έλθη
873 4398 1080 4458 πολυς.
1119 4403 1318 4458 Nauck.
1359 4401 1480 4454 Cur.
1517 4400 1697 4469 Eurip.
1723 4403 1761 4452 I
1803 4418 1852 4468 Ρ.
1892 4405 1972 4453 59.
2032 4401 2248 4470 Coripp.
2284 4402 2313 4450 l.
2353 4403 2401 4450 d.
2440 4398 2569 4457 Stat
