3234 4967
1266 375 1490 430 Adnoi.
1529 378 1622 428 46.
2437 375 2521 440 69

381 584 796 649 Burmannus
829 579 1098 664 Quintil.
1132 581 1318 648 Dccl.
1354 581 1727 650 CCCXIII.
1760 605 1823 670 p.
1859 583 1986 648 618
2022 591 2087 648 et
2118 582 2265 649 Val.
2304 581 2522 651 Flacc.

371 689 485 756 VI.
533 689 665 754 432
709 712 776 777 p.
823 688 973 754 542.

1180 903 1263 982 V.
1325 903 1426 985 46
1452 949 1548 960 -—
1575 904 1697 986 48.

547 1085 694 1152 Non
743 1083 982 1150 leviter
1027 1083 1458 1152 Marklandus
1507 1087 1773 1170 erravit,
1822 1085 1932 1175 qui
1980 1085 2332 1174 reprobato
2375 1087 2523 1154 Lin-

380 1191 746 1278 denbrogii,
795 1213 985 1279 quem
1031 1201 1344 1280 sequutus
1390 1181 1490 1257 est
1539 1191 1933 1275 Gronovius,
1983 1192 2282 1257 invento:
2332 1215 2524 1277 „cum

371 1307 656 1364 vestra
701 1296 1028 1362 domans
1059 1319 1184 1384 ego
1218 1298 1451 1364 funera
1494 1305 1847 1362 moestos
1892 1297 2372 1386 Increpito“
2402 1299 2526 1364 hac

377 1414 517 1470 arte
567 1404 690 1470 sibi
737 1403 916 1468 visus
964 1411 1064 1468 est
1093 1401 1430 1469 meliorem
1468 1425 1615 1467 eum
1649 1402 1861 1468 locum
1893 1403 2155 1469 secisse:
2204 1403 2525 1471 Nimirum

377 1521 568 1578 tunc
597 1519 820 1576 vestra
852 1509 1179 1575 domans
1213 1532 1337 1596 ego
1369 1508 1751 1593 vulnera,
1782 1518 2140 1575 moestos
2184 1510 2523 1600 Increpui:

375 1638 588 1683 nunc
633 1616 873 1682 damna
906 1615 1132 1682 dolens
1180 1614 1540 1700 alternas
1579 1637 1915 1705 reposco
1954 1613 2197 1680 Infelix
2228 1614 2527 1682 lacrimas

373 1734 440 1788 et
495 1724 726 1790 mitia
787 1723 1076 1788 carmina
1136 1744 1458 1811 quaero.
1562 1722 1750 1804 Quae
1809 1730 2175 1788 commenta
2229 1724 2527 1811 quamvis

377 1829 736 1896 Duebnero
781 1829 1063 1916 probata
1107 1828 1266 1893 nihil
1303 1831 1444 1918 jam
1503 1829 1739 1894 attinet
1782 1829 2129 1894 minutiore
2178 1850 2335 1896 cura
2381 1851 2527 1895 con-

380 1936 597 2002 futari.
688 1935 829 2000 Nec
873 1935 1084 2020 magis
1119 1935 1431 1999 successit
1477 1935 1809 2022 inceptum
1858 1934 2173 2019 Queckio‚
2224 1936 2338 2024 qui
2391 1958 2529 2002 vcs-

379 2042 544 2130 tigia
587 2039 777 2107 Vrat.
827 2049 894 2108 et
929 2038 1232 2128 Capilup.
1268 2048 1580 2128 sequutus
1627 2062 1694 2127 p.
1742 2039 2038 2106 XXVII.
2088 2041 2374 2128 scripsit:
2421 2041 2529 2108 Ni-

375 2148 612 2214 mirum
657 2167 873 2212 nunc
917 2153 1203 2212 vestra
1249 2144 1478 2210 domus
1525 2167 1651 2231 ego
1697 2145 1930 2210 funera
1974 2156 2264 2212 moestus
2311 2148 2526 2212 Incre-

373 2254 590 2344 pitans
645 2275 855 2319 nunc
901 2251 1140 2318 damna
1199 2249 1428 2317 dolens
1485 2249 1701 2316 aliena
1760 2273 2007 2339 repono
2053 2250 2299 2318 Infelix
2340 2251 2527 2318 lacri-

374 2383 518 2428 mas
565 2369 632 2426 et
661 2360 879 2426 tristia
913 2360 1204 2426 carmina
1250 2357 1540 2423 solvo“
1585 2379 1798 2446 neque
1844 2356 2157 2424 Imhofius
2203 2358 2245 2424 l.
2281 2358 2367 2443 d.,
2417 2361 2527 2448 qui

373 2468 633 2534 restitui
667 2467 866 2556 jussit
909 2489 976 2554 p.
1024 2464 1108 2530 41
1156 2473 1477 2548 nostra,
1525 2488 1590 2552 p.
1640 2465 1749 2530 32.
1796 2486 1927 2530 non
1974 2463 2266 2540 cohibuit
2311 2487 2527 2532 assen-

377 2597 518 2642 sum
550 2581 822 2663 propter
852 2580 1138 2662 spretam
1162 2570 1479 2638 librorum
1503 2572 1917 2638 memoriam:
1950 2571 2239 2638 carmina
2271 2592 2348 2636 se
2366 2593 2523 2636 rvo.

375 2680 550 2748 Ante
582 2679 701 2746 hos
735 2688 953 2745 autem
975 2717 1063 2727 -—
1085 2699 1237 2742 nam
1272 2678 1500 2742 omitto
1531 2676 1879 2743 Bai-thium
1912 2700 1976 2765 p.
2010 2675 2174 2742 505:
2222 2698 2469 2764 repon
2488 2698 2525 2742 o

377 2809 455 2851 se
472 2810 561 2851 rv
578 2785 656 2874 o)
728 2807 874 2850 cum
935 2792 1088 2849 veto
1152 2782 1366 2850 aliena
1429 2779 1641 2848 doleri
1701 2783 1930 2850 funera
1946 2833 1965 2867 ,
2036 2805 2287 2872 repono
2347 2805 2527 2849 meas

382 2893 706 2975 lacrima5‚
740 2900 813 2957 ut
843 2912 945 2956 me
978 2890 1192 2977 ipsum
1224 2896 1455 2976 postea
1488 2887 1832 2976 deplorare
1866 2889 2191 2976 copiosius
2236 2890 2527 2977 possim“

377 3039 464 3050 --
509 2992 841 3080 Heinsius,
891 2998 1076 3086 cujus
1121 3017 1314 3063 nemo
1346 2995 1742 3061 mentionem
1788 2995 1964 3078 fecit,
2003 2994 2165 3060 haec
2196 2993 2371 3060 Adv.
2404 2995 2525 3060 IV.

378 3106 420 3170 4
467 3129 532 3194 p.
579 3102 712 3168 594
759 3126 856 3191 sq.
908 3109 1436 3190 exprompserat:
1485 3100 1881 3184 „Domans
1928 3099 2228 3188 legebam
2262 3099 2412 3166 olim
2460 3111 2526 3166 et

379 3211 504 3277 hoc
549 3232 637 3275 ex
668 3209 909 3297 scripto
938 3211 1080 3298 jam
1114 3207 1458 3296 occupavit
1498 3207 1893 3274 Gronovius.
1955 3197 2143 3274 Idem
2173 3217 2524 3274 maestos

377 3316 815 3404 Increpito.
919 3314 1049 3381 Sed
1130 3337 1278 3380 cum
1357 3315 1426 3380 in
1494 3313 1780 3379 editione
1859 3313 2201 3380 Parmensi
2267 3311 2527 3399 legatur

379 3423 769 3490 Nimirum
798 3442 936 3486 cur
971 3431 1036 3486 et
1068 3419 1304 3486 deinde
1335 3419 1790 3510 Increpitans
1821 3420 1953 3508 qui
1978 3419 2226 3512 ’damna
2255 3417 2523 3484 dolens

381 3531 514 3596 fors
577 3527 992 3594 scribendum
1053 3527 1168 3594 sit:
1238 3526 1562 3592 Nimirum
1630 3525 1767 3591 cur
1825 3535 2049 3592 vestra
2109 3525 2341 3591 domus
2400 3547 2525 3612 ego

381 3636 616 3704 funera
657 3642 1016 3700 moestae
1062 3634 1394 3722 Increpito
1410 3683 1430 3717 ,
1501 3634 1636 3724 qui
1706 3633 1946 3700 damna
2015 3631 2240 3698 dolens
2310 3631 2527 3698 aliena

383 3763 630 3831 repono
662 3738 896 3806 Infelix
925 3739 1226 3808 lacrimas
1257 3748 1324 3805 et
1368 3740 1583 3804 tristia
1615 3740 1905 3804 carmina
1950 3738 2233 3804 servo?
2279 3737 2388 3804 vel
2433 3760 2467 3803 e
2487 3760 2524 3802 o

385 3848 934 3936 increpitans,
993 3854 1066 3911 ut
1111 3844 1294 3912 alibi:
1352 3844 1570 3911 Ibam
1619 3843 1876 3911 altum
1922 3845 2266 3934 spiranS.
2357 3844 2523 3909 Nam

385 3976 502 4020 cur
547 3976 672 4040 ego
701 3962 960 4020 vestrae
995 3952 1228 4020 domus
1275 3952 1506 4018 funera
1535 3951 1877 4040 increpito,
1928 3952 1981 4024 si
2015 3949 2241 4017 dolens
2290 3949 2527 4018 damna

385 4084 426 4127 a
467 4081 572 4126 me
620 4059 834 4126 aliena
877 4080 1050 4124 nunc
1091 4056 1358 4124 effundo
1405 4054 1707 4124 lacrimas
1754 4065 1821 4124 et
1866 4057 2081 4124 tristia
2126 4058 2415 4124 carmina
2458 4057 2527 4122 in

371 4168 664 4254 'gratiam
688 4164 906 4231 servi?
933 4163 1155 4252 damn
1172 4186 1213 4230 a
1235 4162 1391 4228 alie
1407 4186 1505 4230 na
1528 4162 1809 4231 hominis
1832 4163 2241 4249 alienigenae
2253 4171 2319 4228 et
2332 4164 2522 4229 servi.

389 4273 640 4358 Quibus
661 4270 1024 4336 illustratur
1038 4269 1384 4356 castigatio
1396 4279 1625 4335 nostra
1646 4269 1711 4335 in
1724 4267 1935 4336 Plinio
1950 4271 2092 4360 jam
2114 4269 2455 4358 proposita
2480 4269 2523 4332 1.

391 4380 492 4446 17.
551 4403 617 4470 p.
681 4377 802 4444 181
872 4375 953 4441 de
1023 4374 1495 4464 alienigena
1565 4396 1989 4445 servorum
2055 4377 2523 4467 majestate,
