3234 4967
697 363 783 429 22
1389 303 1394 306 '
1586 361 1823 416 Adnot.
1862 357 1953 412 10.

714 550 1010 618 Barthio.
1111 550 1379 616 Etenim
1450 549 1586 614 sive
1646 549 1820 614 idem
1868 548 1998 614 dici
2056 547 2163 612 hic
2218 545 2593 612 arbritraris
2654 554 2846 632 atque

705 658 787 723 ab
820 656 1087 722 Valerio
1121 654 1360 721 Flacco
1393 654 1458 720 ll.
1491 654 1651 720 5611
1723 663 1947 719 sator
2002 675 2201 718 unus
2258 663 2336 716 et
2392 651 2603 719 idem
2650 653 2847 718 Stir-

702 763 830 850 pis
875 762 1123 826 honos
1180 763 1318 828 sive
1365 761 1519 826 hoc:
1591 783 1722 826 non
1768 760 1876 825 ille
1922 760 2136 826 infans
2184 759 2265 823 de
2314 756 2631 825 familia
2676 781 2847 822 mea

703 877 1062 956 prognatus
1093 869 1217 932 fuit
1247 866 1360 955 (cf.
1385 867 1610 952 Sigon.
1635 865 1782 931 Liv.
1808 865 1915 930 lV.
1946 866 1979 930 1
2015 889 2079 953 p.
2114 863 2225 952 12)
2252 872 2364 930 aut
2388 862 2559 928 filius
2595 868 2846 946 meus,“

649 987 658 995 '
705 973 1170 1058 grammaticae
1242 973 1531 1038 rationes
1601 973 1986 1057 gravissime
2058 970 2437 1036 reclamant.
2552 970 2624 1036 Si
2702 969 2846 1056 quis

708 1079 885 1144 enim
918 1079 1090 1166 parti
1122 1077 1247 1142 illi:
1293 1103 1480 1162 „non
1522 1079 1602 1144 de
1638 1080 1840 1167 stirpe
1874 1078 2137 1166 quidem
2153 1082 2192 1115 “
2238 1087 2568 1164 tamquam
2616 1078 2847 1164 imper-

711 1185 923 1250 fectae
949 1183 1074 1248 hoc
1097 1183 1558 1248 adminiculum
1585 1183 1739 1248 addi
1754 1184 2059 1272 jusserit:
2085 1183 2233 1248 Non
2260 1183 2341 1246 de
2366 1183 2565 1268 stirpe
2582 1183 2844 1270 quidem

705 1290 938 1373 suit“,
987 1291 1048 1355 ei
1098 1299 1212 1354 aut
1241 1290 1366 1354 hoc
1398 1289 1892 1355 concedendum
1925 1298 2026 1354 est
2070 1311 2261 1376 posse
2301 1287 2595 1354 homines
2626 1287 2847 1353 nulla

705 1396 967 1482 stirpe
1013 1395 1189 1459 nasci
1239 1404 1353 1459 aut
1395 1394 1524 1459 hoc
1569 1394 1844 1480 amplius
1890 1393 2318 1460 censendum:
2369 1395 2670 1460 omissam
2702 1417 2843 1460 esse

704 1501 914 1586 ipsam
945 1523 1172 1565 vocem
1220 1523 1392 1566 mea
1420 1499 1527 1566 vel
1571 1511 1881 1583 nostra,
1930 1523 2125 1586 quam
2172 1501 2537 1587 oportuerit
2580 1502 2843 1568 minime

707 1607 992 1672 omnium
1041 1607 1279 1670 omitti:
1342 1607 1660 1687 „viscera
1704 1615 1985 1670 nostra
2030 1643 2119 1654 —
2166 1605 2247 1668 de
2297 1607 2497 1692 stirpe
2544 1645 2635 1654 —--
2680 1631 2847 1672 mea

704 1712 970 1776 nomina
1029 1715 1341 1797 oraque.“
1433 1710 1525 1774 Ut
1581 1709 1743 1774 nihil
1808 1708 2043 1774 dicam'
2088 1708 2463 1794 longissime
2532 1735 2573 1776 a
2642 1711 2846 1776 latina

705 1816 1177 1882 consuetudine
1224 1814 1577 1880 abhorrere
1627 1815 1796 1882 hanc
1842 1815 2162 1880 enuntiati
2207 1815 2511 1880 formam:
2567 1818 2715 1882 Non
2762 1817 2842 1880 de

707 1923 908 2009 stirpe
957 1921 1220 2008 quidem
1276 1921 1434 1984 fuit
1499 1943 1623 1984 nec
1688 1921 1757 1984 is
1826 1921 2010 2002 fuit,
2082 1921 2214 2007 qui
2281 1942 2456 1985 mea
2521 1903 2845 1988 nomina

704 2029 738 2092 f
745 2050 779 2091 e
795 2031 1045 2110 rret;“
1077 2049 1270 2114 quam
1301 2026 1425 2091 hac
1471 2026 1877 2090 correctione
1911 2025 2353 2114 adjuvandam
2400 2050 2572 2092 esse:
2622 2029 2846 2110 „Non

707 2133 800 2197 de
863 2133 1126 2219 stirpe
1174 2154 1378 2214 mea,
1415 2146 1580 2196 ‘non
1626 2133 1957 2196 nomina
1985 2140 2267 2196 nostra
2297 2133 2673 2198 ferebat“
2705 2138 2845 2220 quis

707 2246 806 2302 est
865 2239 978 2325 qui
1035 2261 1166 2303 non
1234 2236 1605 2322 intelligat?
1676 2236 1810 2302 Sed
1876 2259 1959 2300 ne
2028 2235 2189 2301 illud
2250 2237 2513 2324 quidem
2578 2239 2845 2305 dubium

707 2354 826 2428 est,
863 2345 1021 2434 quin
1053 2345 1141 2411 ad
1169 2344 1528 2410 nectendas
1576 2345 1963 2410 sententias:
2024 2342 2411 2410 avellitur
2471 2347 2733 2410 infans
2780 2355 2847 2410 et

704 2452 877 2517 Non
936 2451 1028 2516 de
1087 2452 1348 2537 stirpe
1395 2448 1656 2514 vinculo
1690 2449 2005 2515 utendum
2036 2451 2235 2514 suerit
2266 2451 2403 2514 sive
2436 2451 2587 2518 hoc:
2637 2451 2847 2534 „Qui

706 2581 837 2622 non
885 2559 1089 2644 stirpe
1135 2580 1319 2622 meus
1341 2561 1380 2594 “
1429 2557 1568 2622 sive
1615 2555 1758 2620 illo:
1820 2555 2033 2638 „Ille
2092 2556 2417 2643 quidem
2465 2580 2597 2621 non
2644 2543 2845 2645 stirpe

706 2685 892 2729 meus
950 2685 1164 2749 neque
1221 2663 1482 2726 nomine
1543 2661 1776 2726 eodem
1823 2660 2045 2726 Orave
2092 2669 2321 2726 nostra
2364 2663 2581 2727 ferens
2600 2667 2639 2700 “
2710 2663 2847 2728 sive

708 2769 1002 2857 quolibet
1059 2767 1208 2832 alio·
1305 2768 1503 2850 Quid,
1576 2769 1753 2854 quod
1820 2769 2032 2856 ipsum
2098 2767 2261 2833 illud
2333 2769 2595 2832 infans
2655 2767 2861 2832 valde

708 2873 1006 2962 displicet
1052 2883 1186 2938 tam
1233 2895 1436 2958 grave
1471 2873 1821 2938 verborum
1868 2893 2131 2958 agmen:
2178 2874 2663 2956 „marcentibus
2697 2894 2847 2936 ecce

705 2980 970 3048 lacertis
1036 2981 1312 3044 Viscera
1389 2986 1616 3041 nostra
1694 2987 1923 3042 tenens
2002 2980 2413 3064 animamque
2492 2976 2795 3042 avellitur
2808 2981 2849 3014 “

709 3087 1111 3173 subsequens
1179 3081 1376 3171 paulo
1438 3083 1756 3148 infirmius
1818 3092 1885 3146 et
1943 3083 2071 3146 nisi
2128 3081 2411 3168 aliquam
2468 3083 2849 3170 adjunxeris

709 3192 1170 3272 accessionem,
1237 3187 1534 3276 perexile
1595 3196 1663 3252 et
1722 3186 1914 3273 plane
1976 3187 2333 3272 ignavum?
2427 3188 2649 3270 Quare
2718 3212 2849 3254 non

709 3297 1010 3364 dubitavi
1054 3295 1124 3360 id
1168 3317 1288 3382 pro
1335 3315 1496 3357 vero
1544 3291 1810 3375 habere,
1870 3292 2047 3378 quod
2102 3292 2187 3356 ad
2240 3293 2660 3380 aperiendam
2707 3295 2851 3360 vitii

707 3403 858 3470 huic
923 3401 1068 3468 loco
1145 3399 1312 3465 illati
1389 3399 1711 3484 originem
1789 3397 1992 3464 multo
2076 3407 2249 3464 esset
2325 3398 2849 3466 illustrissimum.

709 3507 1034 3592 Quoniam
1091 3507 1262 3582 enim
1319 3507 1462 3592 ipsa
1519 3505 1621 3569 vis
1676 3527 1938 3572 vocum:
2004 3528 2158 3570 non
2228 3504 2342 3593 (de
2404 3505 2636 3595 stirpe)
2704 3529 2852 3570 nec

709 3615 848 3702 qui
921 3613 1298 3679 accuratius
1356 3633 1683 3700 perpensa
1742 3611 2096 3695 admonuit,
2157 3622 2231 3676 ut
2275 3613 2344 3677 in
2402 3611 2598 3698 longe
2658 3612 2852 3678 aliam

711 3730 906 3808 atque
955 3718 1039 3784 ab
1090 3717 1387 3784 omnibus
1433 3720 1677 3782 factum
1728 3728 1826 3782 est
1871 3702 2127 3804 partem
2176 3728 2636 3805 spectaremuS,
2693 3717 2853 3784 illud

711 3826 1032 3891 succurrit
1076 3833 1299 3911 partes
1343 3823 1514 3890 male
1563 3823 1852 3890 divulsas
1902 3823 2222 3912 (id‘quod
2270 3825 2545 3891 sensisse
2591 3825 2855 3889 videtur

711 3931 1047 4014 Queckius
1088 3930 1280 4019 hujus
1314 3930 1772 4018 descriptionis
1820 3941 2076 3995 auctor:
2123 3929 2499 4013 ‚‚infanS,
2547 3929 2721 3992 Non
2770 3927 2851 3992 de

709 4035 1006 4124 stirpe“)
1055 4037 1122 4100 in
1168 4036 1341 4102 hunc
1385 4035 1655 4103 modum
1700 4034 2192 4123 conjungendas
2238 4054 2409 4100 esse:

1581 4193 1827 4246 avellitur
1864 4193 2035 4245 infans

949 4280 1063 4333 Non
1103 4281 1170 4333 de
1209 4283 1374 4352 stirpe
1413 4285 1714 4352 equitum
1753 4298 1853 4335 nec
1890 4283 1979 4351 qui
2018 4297 2135 4333 mea
2172 4283 2385 4333 nomina
2425 4283 2583 4334 ferret

947 4369 1176 4440 Oraque.
