<?xml version="1.0" encoding="UTF-8"?>
<!DOCTYPE html PUBLIC "-//W3C//DTD XHTML 1.0 Transitional//EN"
    "http://www.w3.org/TR/xhtml1/DTD/xhtml1-transitional.dtd">
<html xmlns="http://www.w3.org/1999/xhtml" xml:lang="en" lang="en">
 <head>
  <title>
</title>
<meta http-equiv="Content-Type" content="text/html;charset=utf-8" />
  <meta name='ocr-system' content='tesseract 3.04.00' />
  <meta name='ocr-capabilities' content='ocr_page ocr_carea ocr_par ocr_line ocrx_word'/>
</head>
<body>
  <div class='ocr_page' id='page_1' title='image "./ppapiniistatiie00ungegoog_0296.png"; bbox 0 0 3234 4967; ppageno 0'>
   <div class='ocr_carea' id='block_1_1' title="bbox 771 366 2185 435">
    <p class='ocr_par' dir='ltr' id='par_1_1' title="bbox 771 366 2185 435">
     <span class='ocr_line' id='line_1_1' title="bbox 771 366 2185 435; baseline -0.002 -14"><span class='ocrx_word' id='word_1_1' title='bbox 771 370 872 422; x_wconf 74' lang='lat'>288</span> <span class='ocrx_word' id='word_1_2' title='bbox 1499 366 1841 435; x_wconf 65' lang='lat' dir='ltr'>Corrigenda.</span> <span class='ocrx_word' id='word_1_3' title='bbox 1911 366 2185 419; x_wconf 80' lang='lat' dir='ltr'>Addenda.</span> 
     </span>
    </p>
   </div>
   <div class='ocr_carea' id='block_1_2' title="bbox 761 534 2999 4345">
    <p class='ocr_par' dir='ltr' id='par_1_2' title="bbox 761 534 2943 2552">
     <span class='ocr_line' id='line_1_2' title="bbox 1249 534 2939 603; baseline -0.003 -14"><span class='ocrx_word' id='word_1_4' title='bbox 1249 538 1448 603; x_wconf 75' lang='lat' dir='ltr'>(geniz</span> <span class='ocrx_word' id='word_1_5' title='bbox 1501 538 1727 603; x_wconf 81' lang='lat' dir='ltr'>gremi‚</span> <span class='ocrx_word' id='word_1_6' title='bbox 1782 534 1967 601; x_wconf 87' lang='lat' dir='ltr'>remi)</span> <span class='ocrx_word' id='word_1_7' title='bbox 2014 538 2449 588; x_wconf 81' lang='lat' dir='ltr'>constituendum:</span> <span class='ocrx_word' id='word_1_8' title='bbox 2504 536 2677 597; x_wconf 80' lang='lat' dir='ltr'>Quot</span> <span class='ocrx_word' id='word_1_9' title='bbox 2711 534 2939 599; x_wconf 85' lang='lat' dir='ltr'>(quod</span> 
     </span>
     <span class='ocr_line' id='line_1_3' title="bbox 1250 619 2932 689; baseline -0.004 -15"><span class='ocrx_word' id='word_1_10' title='bbox 1250 622 1721 689; x_wconf 80' lang='lat' dir='ltr'>Neap.)-gradibus</span> <span class='ocrx_word' id='word_1_11' title='bbox 1758 624 1937 674; x_wconf 73' lang='lat' dir='ltr'>domus</span> <span class='ocrx_word' id='word_1_12' title='bbox 1972 622 2065 671; x_wconf 86' lang='lat' dir='ltr'>illa</span> <span class='ocrx_word' id='word_1_13' title='bbox 2102 622 2266 671; x_wconf 83' lang='lat' dir='ltr'>Geni</span> <span class='ocrx_word' id='word_1_14' title='bbox 2301 638 2357 673; x_wconf 78' lang='lat' dir='ltr'>se</span> <span class='ocrx_word' id='word_1_15' title='bbox 2390 622 2623 673; x_wconf 75' lang='lat' dir='ltr'>sustulit!</span> <span class='ocrx_word' id='word_1_16' title='bbox 2669 621 2793 670; x_wconf 86' lang='lat' dir='ltr'>olim</span> <span class='ocrx_word' id='word_1_17' title='bbox 2822 619 2932 655; x_wconf 82' lang='lat'>-“</span> 
     </span>
     <span class='ocr_line' id='line_1_4' title="bbox 1253 705 2228 772; baseline -0.003 -10"><span class='ocrx_word' id='word_1_18' title='bbox 1253 710 1316 762; x_wconf 78' lang='lat' dir='ltr'>cf.</span> <span class='ocrx_word' id='word_1_19' title='bbox 1359 705 1540 759; x_wconf 77' lang='lat' dir='ltr'>Barth.</span> <span class='ocrx_word' id='word_1_20' title='bbox 1578 708 1707 759; x_wconf 79' lang='lat' dir='ltr'>Stat.</span> <span class='ocrx_word' id='word_1_21' title='bbox 1744 706 1871 758; x_wconf 81' lang='lat' dir='ltr'>silv.</span> <span class='ocrx_word' id='word_1_22' title='bbox 1907 707 1953 757; x_wconf 92' lang='lat'>1.</span> <span class='ocrx_word' id='word_1_23' title='bbox 1994 711 2019 756; x_wconf 89' lang='lat'>1</span> <span class='ocrx_word' id='word_1_24' title='bbox 2057 723 2109 772; x_wconf 79' lang='lat' dir='ltr'>p.</span> <span class='ocrx_word' id='word_1_25' title='bbox 2148 709 2228 759; x_wconf 80' lang='lat'>12.</span> 
     </span>
     <span class='ocr_line' id='line_1_5' title="bbox 876 792 1727 857; baseline -0.006 -11"><span class='ocrx_word' id='word_1_26' title='bbox 876 796 942 849; x_wconf 78' lang='lat' dir='ltr'>P.</span> <span class='ocrx_word' id='word_1_27' title='bbox 985 796 1102 857; x_wconf 98' lang='grc'><strong>137,</strong></span> <span class='ocrx_word' id='word_1_28' title='bbox 1174 796 1220 847; x_wconf 91' lang='grc'>5.</span> <span class='ocrx_word' id='word_1_29' title='bbox 1259 792 1624 845; x_wconf 74' lang='lat' dir='ltr'>Ochsnerus.</span> <span class='ocrx_word' id='word_1_30' title='bbox 1724 838 1727 841; x_wconf 80' lang='grc'><strong>,</strong></span> 
     </span>
     <span class='ocr_line' id='line_1_6' title="bbox 879 873 2941 942; baseline -0.003 -13"><span class='ocrx_word' id='word_1_31' title='bbox 879 904 944 917; x_wconf 86' lang='lat'>--</span> <span class='ocrx_word' id='word_1_32' title='bbox 986 881 1100 942; x_wconf 83' lang='grc'><strong>138,</strong></span> <span class='ocrx_word' id='word_1_33' title='bbox 1141 881 1222 931; x_wconf 88' lang='grc'>19.</span> <span class='ocrx_word' id='word_1_34' title='bbox 1259 877 1472 928; x_wconf 86' lang='lat' dir='ltr'>Eumen.</span> <span class='ocrx_word' id='word_1_35' title='bbox 1527 876 1671 929; x_wconf 83' lang='lat' dir='ltr'>Grat.</span> <span class='ocrx_word' id='word_1_36' title='bbox 1722 877 1840 929; x_wconf 87' lang='lat' dir='ltr'>Act.</span> <span class='ocrx_word' id='word_1_37' title='bbox 1898 880 1958 938; x_wconf 90' lang='lat'>1,</span> <span class='ocrx_word' id='word_1_38' title='bbox 2006 879 2066 927; x_wconf 83' lang='lat'>3:</span> <span class='ocrx_word' id='word_1_39' title='bbox 2120 882 2533 941; x_wconf 85' lang='lat' dir='ltr'>porrectaque</span> <span class='ocrx_word' id='word_1_40' title='bbox 2586 876 2682 924; x_wconf 84' lang='lat' dir='ltr'>hac</span> <span class='ocrx_word' id='word_1_41' title='bbox 2735 873 2941 924; x_wconf 79' lang='lat' dir='ltr'>invicta</span> 
     </span>
     <span class='ocr_line' id='line_1_7' title="bbox 1253 963 1813 1014; baseline -0.002 -1"><span class='ocrx_word' id='word_1_42' title='bbox 1253 966 1487 1013; x_wconf 76' lang='lat' dir='ltr'>dextra</span> <span class='ocrx_word' id='word_1_43' title='bbox 1519 963 1813 1014; x_wconf 75' lang='lat' dir='ltr'>sublevasti.</span> 
     </span>
     <span class='ocr_line' id='line_1_8' title="bbox 765 1046 2939 1115; baseline -0.004 -14"><span class='ocrx_word' id='word_1_44' title='bbox 765 1082 770 1087; x_wconf 93' lang='lat'>·</span> <span class='ocrx_word' id='word_1_45' title='bbox 875 1076 940 1085; x_wconf 97' lang='lat'>—</span> <span class='ocrx_word' id='word_1_46' title='bbox 981 1050 1098 1115; x_wconf 85' lang='grc'><strong>142,</strong></span> <span class='ocrx_word' id='word_1_47' title='bbox 1137 1050 1227 1101; x_wconf 83' lang='grc'><strong>25.·</strong></span> <span class='ocrx_word' id='word_1_48' title='bbox 1257 1050 1447 1097; x_wconf 86' lang='lat' dir='ltr'>dudum</span> <span class='ocrx_word' id='word_1_49' title='bbox 1472 1072 1539 1085; x_wconf 87' lang='lat'>-·</span> <span class='ocrx_word' id='word_1_50' title='bbox 1563 1048 1629 1099; x_wconf 84' lang='lat' dir='ltr'>cf.</span> <span class='ocrx_word' id='word_1_51' title='bbox 1658 1048 1915 1099; x_wconf 83' lang='lat' dir='ltr'>Ammian.</span> <span class='ocrx_word' id='word_1_52' title='bbox 1938 1049 2104 1097; x_wconf 81' lang='lat' dir='ltr'>Marc.</span> <span class='ocrx_word' id='word_1_53' title='bbox 2133 1046 2311 1095; x_wconf 90' lang='lat' dir='ltr'>XXII.</span> <span class='ocrx_word' id='word_1_54' title='bbox 2352 1046 2431 1106; x_wconf 90' lang='grc'>16,</span> <span class='ocrx_word' id='word_1_55' title='bbox 2467 1048 2498 1097; x_wconf 88' lang='grc'><strong>2</strong></span> <span class='ocrx_word' id='word_1_56' title='bbox 2534 1059 2939 1109; x_wconf 85' lang='lat' dir='ltr'>magnorum.</span> 
     </span>
     <span class='ocr_line' id='line_1_9' title="bbox 1249 1127 2943 1198; baseline -0.002 -15"><span class='ocrx_word' id='word_1_57' title='bbox 1249 1127 1424 1198; x_wconf 78' lang='lat' dir='ltr'>Epist.</span> <span class='ocrx_word' id='word_1_58' title='bbox 1471 1132 1596 1187; x_wconf 87' lang='lat' dir='ltr'>Crit.</span> <span class='ocrx_word' id='word_1_59' title='bbox 1648 1136 1713 1183; x_wconf 79' lang='lat' dir='ltr'>ad</span> <span class='ocrx_word' id='word_1_60' title='bbox 1757 1133 1945 1197; x_wconf 86' lang='lat' dir='ltr'>Bergk.</span> <span class='ocrx_word' id='word_1_61' title='bbox 2006 1149 2056 1197; x_wconf 91' lang='lat' dir='ltr'>p.</span> <span class='ocrx_word' id='word_1_62' title='bbox 2096 1133 2161 1181; x_wconf 83' lang='lat'>23</span> <span class='ocrx_word' id='word_1_63' title='bbox 2191 1132 2320 1193; x_wconf 87' lang='lat' dir='ltr'>jam</span> <span class='ocrx_word' id='word_1_64' title='bbox 2356 1131 2651 1195; x_wconf 86' lang='lat' dir='ltr'>ignorant.</span> <span class='ocrx_word' id='word_1_65' title='bbox 2690 1157 2754 1167; x_wconf 89' lang='lat'>-·-</span> <span class='ocrx_word' id='word_1_66' title='bbox 2794 1130 2943 1181; x_wconf 83' lang='lat' dir='ltr'>Stat.</span> 
     </span>
     <span class='ocr_line' id='line_1_10' title="bbox 1251 1214 2935 1281; baseline -0.001 -15"><span class='ocrx_word' id='word_1_67' title='bbox 1251 1244 1316 1253; x_wconf 97' lang='lat'>—</span> <span class='ocrx_word' id='word_1_68' title='bbox 1356 1216 1500 1281; x_wconf 87' lang='lat' dir='ltr'>Virg.</span> <span class='ocrx_word' id='word_1_69' title='bbox 1531 1220 1666 1269; x_wconf 86' lang='lat' dir='ltr'>Aen.</span> <span class='ocrx_word' id='word_1_70' title='bbox 1702 1218 1827 1271; x_wconf 88' lang='lat' dir='ltr'>XII.</span> <span class='ocrx_word' id='word_1_71' title='bbox 1867 1221 1991 1269; x_wconf 83' lang='lat'>582:</span> <span class='ocrx_word' id='word_1_72' title='bbox 2032 1218 2119 1267; x_wconf 82' lang='lat' dir='ltr'>Bis</span> <span class='ocrx_word' id='word_1_73' title='bbox 2137 1217 2263 1279; x_wconf 85' lang='lat' dir='ltr'>jam</span> <span class='ocrx_word' id='word_1_74' title='bbox 2280 1214 2440 1266; x_wconf 80' lang='lat' dir='ltr'>Italos</span> <span class='ocrx_word' id='word_1_75' title='bbox 2458 1216 2648 1265; x_wconf 70' lang='lat' dir='ltr'>hostes.</span> <span class='ocrx_word' id='word_1_76' title='bbox 2687 1214 2835 1269; x_wconf 80' lang='lat' dir='ltr'>ofil.</span> <span class='ocrx_word' id='word_1_77' title='bbox 2859 1240 2935 1249; x_wconf 95' lang='lat'><strong>—</strong></span> 
     </span>
     <span class='ocr_line' id='line_1_11' title="bbox 1253 1299 2938 1366; baseline -0.003 -14"><span class='ocrx_word' id='word_1_78' title='bbox 1253 1300 1333 1352; x_wconf 78' lang='lat' dir='ltr'>Cf.-</span> <span class='ocrx_word' id='word_1_79' title='bbox 1360 1299 1508 1363; x_wconf 74' lang='lat' dir='ltr'>virg.</span> <span class='ocrx_word' id='word_1_80' title='bbox 1533 1302 1785 1356; x_wconf 78' lang='lat' dir='ltr'>Aen.·X.</span> <span class='ocrx_word' id='word_1_81' title='bbox 1817 1305 1906 1353; x_wconf 88' lang='grc'>193</span> <span class='ocrx_word' id='word_1_82' title='bbox 1944 1304 2083 1365; x_wconf 83' lang='lat' dir='ltr'>quod</span> <span class='ocrx_word' id='word_1_83' title='bbox 2110 1302 2237 1365; x_wconf 87' lang='lat' dir='ltr'>jam</span> <span class='ocrx_word' id='word_1_84' title='bbox 2268 1302 2627 1366; x_wconf 86' lang='lat' dir='ltr'>implorare</span> <span class='ocrx_word' id='word_1_85' title='bbox 2664 1314 2938 1365; x_wconf 76' lang='lat' dir='ltr'>queamus.</span> 
     </span>
     <span class='ocr_line' id='line_1_12' title="bbox 1252 1369 2939 1450; baseline -0.001 -16"><span class='ocrx_word' id='word_1_86' title='bbox 1252 1386 1489 1435; x_wconf 83' lang='lat' dir='ltr'>Rottend.</span> <span class='ocrx_word' id='word_1_87' title='bbox 1532 1369 1648 1437; x_wconf 63' lang='lat' dir='ltr'>tert.</span> <span class='ocrx_word' id='word_1_88' title='bbox 1700 1389 1864 1450; x_wconf 88' lang='lat' dir='ltr'>quod</span> <span class='ocrx_word' id='word_1_89' title='bbox 1910 1387 2222 1450; x_wconf 76' lang='lat' dir='ltr'>implorare.</span> <span class='ocrx_word' id='word_1_90' title='bbox 2283 1387 2453 1435; x_wconf 81' lang='lat' dir='ltr'>adnot.</span> <span class='ocrx_word' id='word_1_91' title='bbox 2500 1383 2615 1433; x_wconf 84' lang='lat' dir='ltr'>Ecl.</span> <span class='ocrx_word' id='word_1_92' title='bbox 2650 1384 2717 1434; x_wconf 87' lang='grc'>46</span> <span class='ocrx_word' id='word_1_93' title='bbox 2752 1398 2804 1448; x_wconf 86' lang='lat' dir='ltr'>p.</span> <span class='ocrx_word' id='word_1_94' title='bbox 2844 1385 2939 1433; x_wconf 80' lang='lat'>74.</span> 
     </span>
     <span class='ocr_line' id='line_1_13' title="bbox 1253 1466 2937 1540; baseline -0.001 -21"><span class='ocrx_word' id='word_1_95' title='bbox 1253 1469 1432 1529; x_wconf 74' lang='lat' dir='ltr'>Quare</span> <span class='ocrx_word' id='word_1_96' title='bbox 1475 1470 1679 1521; x_wconf 78' lang='lat' dir='ltr'>videtur</span> <span class='ocrx_word' id='word_1_97' title='bbox 1725 1472 1881 1521; x_wconf 79' lang='lat' dir='ltr'>tutius</span> <span class='ocrx_word' id='word_1_98' title='bbox 1924 1471 2179 1540; x_wconf 60' lang='lat' dir='ltr'>IJaldamo</span> <span class='ocrx_word' id='word_1_99' title='bbox 2232 1470 2391 1521; x_wconf 75' lang='lat' dir='ltr'>fuisse</span> <span class='ocrx_word' id='word_1_100' title='bbox 2434 1469 2703 1519; x_wconf 75' lang='lat' dir='ltr'>Horatio</span> <span class='ocrx_word' id='word_1_101' title='bbox 2754 1466 2937 1519; x_wconf 86' lang='lat' dir='ltr'>Carm.</span> 
     </span>
     <span class='ocr_line' id='line_1_14' title="bbox 1251 1554 2938 1620; baseline -0.001 -16"><span class='ocrx_word' id='word_1_102' title='bbox 1251 1554 1349 1608; x_wconf 87' lang='lat'>111.</span> <span class='ocrx_word' id='word_1_103' title='bbox 1379 1556 1438 1616; x_wconf 86' lang='grc'><strong>5,</strong></span> <span class='ocrx_word' id='word_1_104' title='bbox 1477 1557 1541 1606; x_wconf 90' lang='grc'>17</span> <span class='ocrx_word' id='word_1_105' title='bbox 1577 1556 1679 1605; x_wconf 89' lang='lat' dir='ltr'>hoc</span> <span class='ocrx_word' id='word_1_106' title='bbox 1715 1557 1953 1607; x_wconf 79' lang='lat' dir='ltr'>reddere:</span> <span class='ocrx_word' id='word_1_107' title='bbox 2004 1555 2059 1607; x_wconf 86' lang='lat' dir='ltr'>Si</span> <span class='ocrx_word' id='word_1_108' title='bbox 2095 1570 2199 1605; x_wconf 88' lang='lat' dir='ltr'>non</span> <span class='ocrx_word' id='word_1_109' title='bbox 2228 1556 2429 1620; x_wconf 75' lang='lat' dir='ltr'>periret</span> <span class='ocrx_word' id='word_1_110' title='bbox 2472 1554 2598 1618; x_wconf 84' lang='lat' dir='ltr'>jam</span> <span class='ocrx_word' id='word_1_111' title='bbox 2642 1554 2938 1606; x_wconf 80' lang='lat' dir='ltr'>inmisera-</span> 
     </span>
     <span class='ocr_line' id='line_1_15' title="bbox 1259 1637 2773 1705; baseline -0.003 -16"><span class='ocrx_word' id='word_1_112' title='bbox 1259 1640 1379 1689; x_wconf 80' lang='lat' dir='ltr'>bilis</span> <span class='ocrx_word' id='word_1_113' title='bbox 1418 1637 1641 1704; x_wconf 82' lang='lat' dir='ltr'>Captiva</span> <span class='ocrx_word' id='word_1_114' title='bbox 1670 1638 1881 1705; x_wconf 80' lang='lat' dir='ltr'>pubes“,</span> <span class='ocrx_word' id='word_1_115' title='bbox 1919 1653 2071 1703; x_wconf 82' lang='lat' dir='ltr'>quam</span> <span class='ocrx_word' id='word_1_116' title='bbox 2106 1640 2271 1691; x_wconf 70' lang='lat' dir='ltr'>intudz</span> <span class='ocrx_word' id='word_1_117' title='bbox 2308 1654 2425 1690; x_wconf 78' lang='lat' dir='ltr'>-vae</span> <span class='ocrx_word' id='word_1_118' title='bbox 2461 1637 2773 1691; x_wconf 73' lang='lat' dir='ltr'>miserabilis.</span> 
     </span>
     <span class='ocr_line' id='line_1_16' title="bbox 881 1724 1912 1793; baseline 0.003 -21"><span class='ocrx_word' id='word_1_119' title='bbox 881 1747 950 1759; x_wconf 84' lang='lat'>——-</span> <span class='ocrx_word' id='word_1_120' title='bbox 989 1724 1104 1788; x_wconf 79' lang='grc'><strong>144,</strong></span> <span class='ocrx_word' id='word_1_121' title='bbox 1143 1724 1224 1773; x_wconf 84' lang='grc'><strong>34.</strong></span> <span class='ocrx_word' id='word_1_122' title='bbox 1263 1724 1399 1787; x_wconf 83' lang='lat' dir='ltr'>quid,</span> <span class='ocrx_word' id='word_1_123' title='bbox 1439 1725 1576 1787; x_wconf 85' lang='lat' dir='ltr'>qnod</span> <span class='ocrx_word' id='word_1_124' title='bbox 1609 1724 1693 1793; x_wconf 68' lang='lat' dir='ltr'>jis</span> <span class='ocrx_word' id='word_1_125' title='bbox 1728 1725 1912 1775; x_wconf 77' lang='lat' dir='ltr'>verbis.</span> 
     </span>
     <span class='ocr_line' id='line_1_17' title="bbox 761 1808 2216 1875; baseline 0.003 -18"><span class='ocrx_word' id='word_1_126' title='bbox 761 1840 768 1851; x_wconf 64' lang='lat'>.</span> <span class='ocrx_word' id='word_1_127' title='bbox 861 1835 944 1857; x_wconf 84' lang='lat'>.—</span> <span class='ocrx_word' id='word_1_128' title='bbox 977 1810 1101 1869; x_wconf 84' lang='lat'>-145,</span> <span class='ocrx_word' id='word_1_129' title='bbox 1173 1812 1220 1861; x_wconf 83' lang='lat'>2.</span> <span class='ocrx_word' id='word_1_130' title='bbox 1259 1809 1321 1861; x_wconf 86' lang='lat' dir='ltr'>cf.</span> <span class='ocrx_word' id='word_1_131' title='bbox 1363 1808 1506 1860; x_wconf 81' lang='lat' dir='ltr'>Gort.</span> <span class='ocrx_word' id='word_1_132' title='bbox 1544 1809 1741 1859; x_wconf 82' lang='lat' dir='ltr'>Lucan.</span> <span class='ocrx_word' id='word_1_133' title='bbox 1777 1808 1873 1861; x_wconf 90' lang='lat' dir='ltr'>VI.</span> <span class='ocrx_word' id='word_1_134' title='bbox 1912 1812 2011 1861; x_wconf 86' lang='grc'>527</span> <span class='ocrx_word' id='word_1_135' title='bbox 2046 1827 2097 1875; x_wconf 87' lang='lat' dir='ltr'>p.</span> <span class='ocrx_word' id='word_1_136' title='bbox 2136 1812 2216 1861; x_wconf 84' lang='lat'>90.</span> 
     </span>
     <span class='ocr_line' id='line_1_18' title="bbox 880 1892 2941 1959; baseline -0 -16"><span class='ocrx_word' id='word_1_137' title='bbox 880 1918 944 1929; x_wconf 90' lang='lat'>--</span> <span class='ocrx_word' id='word_1_138' title='bbox 985 1895 1100 1953; x_wconf 82' lang='lat'>158,</span> <span class='ocrx_word' id='word_1_139' title='bbox 1139 1895 1221 1943; x_wconf 88' lang='grc'>29.</span> <span class='ocrx_word' id='word_1_140' title='bbox 1261 1892 1422 1943; x_wconf 84' lang='lat' dir='ltr'>Simili</span> <span class='ocrx_word' id='word_1_141' title='bbox 1460 1909 1632 1943; x_wconf 86' lang='lat' dir='ltr'>errore</span> <span class='ocrx_word' id='word_1_142' title='bbox 1667 1894 1871 1945; x_wconf 82' lang='lat' dir='ltr'>Latiae</span> <span class='ocrx_word' id='word_1_143' title='bbox 1909 1894 2183 1945; x_wconf 75' lang='lat' dir='ltr'>etLatiaa</span> <span class='ocrx_word' id='word_1_144' title='bbox 2220 1893 2433 1959; x_wconf 67' lang='lat' dir='ltr'>confusa</span> <span class='ocrx_word' id='word_1_145' title='bbox 2474 1908 2584 1944; x_wconf 80' lang='lat' dir='ltr'>esse</span> <span class='ocrx_word' id='word_1_146' title='bbox 2620 1892 2755 1943; x_wconf 85' lang='lat' dir='ltr'>infra</span> <span class='ocrx_word' id='word_1_147' title='bbox 2778 1893 2941 1943; x_wconf 89' lang='lat' dir='ltr'>XIV.</span> 
     </span>
     <span class='ocr_line' id='line_1_19' title="bbox 1253 1979 1837 2043; baseline 0.005 -16"><span class='ocrx_word' id='word_1_148' title='bbox 1253 1994 1306 2043; x_wconf 90' lang='lat' dir='ltr'>p.</span> <span class='ocrx_word' id='word_1_149' title='bbox 1345 1980 1452 2029; x_wconf 84' lang='grc'><strong>216-</strong></span> <span class='ocrx_word' id='word_1_150' title='bbox 1483 1979 1837 2030; x_wconf 79' lang='lat' dir='ltr'>indicabimus.</span> 
     </span>
     <span class='ocr_line' id='line_1_20' title="bbox 891 2062 2900 2129; baseline 0.001 -18"><span class='ocrx_word' id='word_1_151' title='bbox 891 2088 945 2097; x_wconf 92' lang='lat'>--</span> <span class='ocrx_word' id='word_1_152' title='bbox 986 2062 1100 2121; x_wconf 83' lang='lat'>162,</span> <span class='ocrx_word' id='word_1_153' title='bbox 1139 2063 1222 2113; x_wconf 86' lang='lat'>37.</span> <span class='ocrx_word' id='word_1_154' title='bbox 1257 2076 1374 2113; x_wconf 87' lang='lat' dir='ltr'>cum</span> <span class='ocrx_word' id='word_1_155' title='bbox 1410 2078 1585 2113; x_wconf 81' lang='lat' dir='ltr'>omnes</span> <span class='ocrx_word' id='word_1_156' title='bbox 1623 2072 1726 2114; x_wconf 90' lang='lat' dir='ltr'>tum</span> <span class='ocrx_word' id='word_1_157' title='bbox 1764 2064 2155 2129; x_wconf 81' lang='lat' dir='ltr'>Peerlkampius</span> <span class='ocrx_word' id='word_1_158' title='bbox 2191 2064 2343 2129; x_wconf 82' lang='lat' dir='ltr'>Virg.</span> <span class='ocrx_word' id='word_1_159' title='bbox 2380 2065 2511 2116; x_wconf 83' lang='lat' dir='ltr'>Aen.</span> <span class='ocrx_word' id='word_1_160' title='bbox 2550 2063 2649 2114; x_wconf 87' lang='lat' dir='ltr'>1v.</span> <span class='ocrx_word' id='word_1_161' title='bbox 2685 2079 2734 2128; x_wconf 85' lang='lat' dir='ltr'>p.</span> <span class='ocrx_word' id='word_1_162' title='bbox 2774 2066 2900 2114; x_wconf 90' lang='grc'><strong>270.</strong></span> 
     </span>
     <span class='ocr_line' id='line_1_21' title="bbox 882 2147 2937 2214; baseline 0.001 -18"><span class='ocrx_word' id='word_1_163' title='bbox 882 2170 947 2182; x_wconf 92' lang='lat'>-—</span> <span class='ocrx_word' id='word_1_164' title='bbox 985 2147 1102 2209; x_wconf 89' lang='grc'><strong>166,</strong></span> <span class='ocrx_word' id='word_1_165' title='bbox 1169 2148 1220 2197; x_wconf 86' lang='grc'>4.</span> <span class='ocrx_word' id='word_1_166' title='bbox 1255 2147 1370 2197; x_wconf 86' lang='lat' dir='ltr'>Liv.</span> <span class='ocrx_word' id='word_1_167' title='bbox 1410 2148 1642 2199; x_wconf 85' lang='lat' dir='ltr'>XXXII.</span> <span class='ocrx_word' id='word_1_168' title='bbox 1684 2152 1771 2209; x_wconf 90' lang='lat'>11,</span> <span class='ocrx_word' id='word_1_169' title='bbox 1812 2152 1870 2198; x_wconf 79' lang='lat'>1:</span> <span class='ocrx_word' id='word_1_170' title='bbox 1922 2166 1954 2198; x_wconf 79' lang='lat' dir='ltr'>a</span> <span class='ocrx_word' id='word_1_171' title='bbox 2000 2148 2303 2213; x_wconf 81' lang='lat' dir='ltr'><strong>Charopo</strong></span> <span class='ocrx_word' id='word_1_172' title='bbox 2340 2150 2569 2214; x_wconf 81' lang='lat' dir='ltr'>principe</span> <span class='ocrx_word' id='word_1_173' title='bbox 2604 2149 2937 2214; x_wconf 79' lang='lat' dir='ltr'>Epirotarum</span> 
     </span>
     <span class='ocr_line' id='line_1_22' title="bbox 1252 2231 2941 2297; baseline -0.001 -12.393"><span class='ocrx_word' id='word_1_174' title='bbox 1252 2234 1438 2285; x_wconf 72' lang='lat' dir='ltr'>missus</span> <span class='ocrx_word' id='word_1_175' title='bbox 1485 2231 1745 2297; x_wconf 85' lang='lat' dir='ltr'>(Garopo</span> <span class='ocrx_word' id='word_1_176' title='bbox 1790 2233 1995 2284; x_wconf 73' lang='lat' dir='ltr'>chelh</span> <span class='ocrx_word' id='word_1_177' title='bbox 2034 2233 2305 2297; x_wconf 32' lang='lat' dir='ltr'>*Gaertn.).</span> <span class='ocrx_word' id='word_1_178' title='bbox 2352 2260 2415 2271; x_wconf 84' lang='lat'>-·-</span> <span class='ocrx_word' id='word_1_179' title='bbox 2462 2234 2800 2285; x_wconf 74' lang='lat' dir='ltr'>Scribendum</span> <span class='ocrx_word' id='word_1_180' title='bbox 2857 2242 2941 2283; x_wconf 81' lang='lat' dir='ltr'>est</span> 
     </span>
     <span class='ocr_line' id='line_1_23' title="bbox 1258 2316 2937 2383; baseline 0 -16"><span class='ocrx_word' id='word_1_181' title='bbox 1258 2316 1594 2383; x_wconf 84' lang='lat' dir='ltr'>Charopem.</span> <span class='ocrx_word' id='word_1_182' title='bbox 1640 2318 1962 2381; x_wconf 79' lang='lat' dir='ltr'><strong>Quamquam</strong></span> <span class='ocrx_word' id='word_1_183' title='bbox 1998 2335 2104 2369; x_wconf 89' lang='lat' dir='ltr'>non</span> <span class='ocrx_word' id='word_1_184' title='bbox 2142 2321 2327 2383; x_wconf 87' lang='lat' dir='ltr'>ignoro</span> <span class='ocrx_word' id='word_1_185' title='bbox 2362 2321 2416 2368; x_wconf 86' lang='lat' dir='ltr'>in</span> <span class='ocrx_word' id='word_1_186' title='bbox 2446 2320 2709 2368; x_wconf 81' lang='lat' dir='ltr'>codicibus</span> <span class='ocrx_word' id='word_1_187' title='bbox 2732 2317 2937 2367; x_wconf 83' lang='lat' dir='ltr'>Aurelii</span> 
     </span>
     <span class='ocr_line' id='line_1_24' title="bbox 1250 2402 2937 2468; baseline 0.001 -17"><span class='ocrx_word' id='word_1_188' title='bbox 1250 2402 1384 2453; x_wconf 79' lang='lat' dir='ltr'>vict.</span> <span class='ocrx_word' id='word_1_189' title='bbox 1438 2403 1506 2453; x_wconf 84' lang='lat' dir='ltr'>V.</span> <span class='ocrx_word' id='word_1_190' title='bbox 1551 2403 1636 2453; x_wconf 85' lang='lat' dir='ltr'>Ill.</span> <span class='ocrx_word' id='word_1_191' title='bbox 1688 2405 1781 2464; x_wconf 87' lang='grc'>51,</span> <span class='ocrx_word' id='word_1_192' title='bbox 1832 2407 1858 2453; x_wconf 92' lang='grc'>1</span> <span class='ocrx_word' id='word_1_193' title='bbox 1908 2405 2121 2454; x_wconf 67' lang='lat' dir='ltr'>inveniri</span> <span class='ocrx_word' id='word_1_194' title='bbox 2172 2402 2501 2467; x_wconf 82' lang='lat' dir='ltr'>„Charopac</span> <span class='ocrx_word' id='word_1_195' title='bbox 2546 2402 2823 2468; x_wconf 76' lang='lat' dir='ltr'>principia“</span> <span class='ocrx_word' id='word_1_196' title='bbox 2866 2403 2937 2453; x_wconf 85' lang='lat' dir='ltr'>cf.</span> 
     </span>
     <span class='ocr_line' id='line_1_25' title="bbox 1251 2486 1679 2552; baseline 0.005 -15"><span class='ocrx_word' id='word_1_197' title='bbox 1251 2486 1433 2539; x_wconf 82' lang='lat' dir='ltr'>Amtz.</span> <span class='ocrx_word' id='word_1_198' title='bbox 1470 2505 1522 2552; x_wconf 83' lang='lat' dir='ltr'>p.</span> <span class='ocrx_word' id='word_1_199' title='bbox 1559 2489 1679 2539; x_wconf 84' lang='lat'>214.</span> 
     </span>
    </p>

    <p class='ocr_par' dir='ltr' id='par_1_3' title="bbox 989 2572 2939 2893">
     <span class='ocr_line' id='line_1_26' title="bbox 989 2572 2939 2637; baseline -0.001 -15"><span class='ocrx_word' id='word_1_200' title='bbox 989 2573 1222 2633; x_wconf 81' lang='lat'>173,.18.</span> <span class='ocrx_word' id='word_1_201' title='bbox 1263 2572 1580 2623; x_wconf 84' lang='lat' dir='ltr'>Theb..IV.</span> <span class='ocrx_word' id='word_1_202' title='bbox 1642 2575 1765 2623; x_wconf 85' lang='lat'>190:</span> <span class='ocrx_word' id='word_1_203' title='bbox 1818 2574 2065 2637; x_wconf 82' lang='lat' dir='ltr'>injecerat</span> <span class='ocrx_word' id='word_1_204' title='bbox 2117 2590 2259 2624; x_wconf 83' lang='lat' dir='ltr'>arma</span> <span class='ocrx_word' id='word_1_205' title='bbox 2308 2576 2540 2637; x_wconf 74' lang='lat' dir='ltr'>Atropos</span> <span class='ocrx_word' id='word_1_206' title='bbox 2594 2573 2939 2636; x_wconf 75' lang='lat' dir='ltr'>obrueratque</span> 
     </span>
     <span class='ocr_line' id='line_1_27' title="bbox 1257 2656 2936 2724; baseline 0 -19"><span class='ocrx_word' id='word_1_207' title='bbox 1257 2658 1458 2706; x_wconf 86' lang='lat' dir='ltr'>deum.</span> <span class='ocrx_word' id='word_1_208' title='bbox 1519 2656 1641 2707; x_wconf 82' lang='lat' dir='ltr'>Vct.</span> <span class='ocrx_word' id='word_1_209' title='bbox 1682 2656 1851 2709; x_wconf 88' lang='lat' dir='ltr'>S&#39;chol.</span> <span class='ocrx_word' id='word_1_210' title='bbox 1889 2675 1939 2724; x_wconf 88' lang='lat' dir='ltr'>p.</span> <span class='ocrx_word' id='word_1_211' title='bbox 1980 2660 2108 2710; x_wconf 83' lang='grc'><strong>9673</strong></span> <span class='ocrx_word' id='word_1_212' title='bbox 2158 2660 2479 2723; x_wconf 85' lang='lat' dir='ltr'>Apollinem,</span> <span class='ocrx_word' id='word_1_213' title='bbox 2521 2658 2752 2707; x_wconf 83' lang='lat' dir='ltr'>divinum</span> <span class='ocrx_word' id='word_1_214' title='bbox 2788 2658 2936 2721; x_wconf 81' lang='lat' dir='ltr'>spiri-</span> 
     </span>
     <span class='ocr_line' id='line_1_28' title="bbox 1255 2742 2938 2805; baseline 0.002 -16"><span class='ocrx_word' id='word_1_215' title='bbox 1255 2750 1385 2805; x_wconf 85' lang='lat' dir='ltr'>tum,</span> <span class='ocrx_word' id='word_1_216' title='bbox 1443 2742 1702 2794; x_wconf 77' lang='lat' dir='ltr'>scientiam</span> <span class='ocrx_word' id='word_1_217' title='bbox 1748 2744 1953 2793; x_wconf 77' lang='lat' dir='ltr'>videndi</span> <span class='ocrx_word' id='word_1_218' title='bbox 2002 2743 2163 2794; x_wconf 53' lang='lat' dir='ltr'>fata‘t.</span> <span class='ocrx_word' id='word_1_219' title='bbox 2234 2744 2375 2795; x_wconf 78' lang='lat' dir='ltr'>Add.</span> <span class='ocrx_word' id='word_1_220' title='bbox 2428 2759 2472 2794; x_wconf 77' lang='lat' dir='ltr'>v,</span> <span class='ocrx_word' id='word_1_221' title='bbox 2518 2744 2646 2794; x_wconf 88' lang='grc'><strong>3563</strong></span> <span class='ocrx_word' id='word_1_222' title='bbox 2701 2744 2938 2793; x_wconf 85' lang='lat' dir='ltr'>Bellator</span> 
     </span>
     <span class='ocr_line' id='line_1_29' title="bbox 1257 2823 2937 2893; baseline 0 -16"><span class='ocrx_word' id='word_1_223' title='bbox 1257 2827 1388 2877; x_wconf 86' lang='lat' dir='ltr'>nulli</span> <span class='ocrx_word' id='word_1_224' title='bbox 1425 2826 1585 2877; x_wconf 84' lang='lat' dir='ltr'>caluit</span> <span class='ocrx_word' id='word_1_225' title='bbox 1620 2823 1818 2877; x_wconf 80' lang='lat' dir='ltr'>deus“</span> <span class='ocrx_word' id='word_1_226' title='bbox 1860 2828 1925 2879; x_wconf 84' lang='lat' dir='ltr'>cf.</span> <span class='ocrx_word' id='word_1_227' title='bbox 1972 2831 2100 2881; x_wconf 88' lang='grc'><strong>5643</strong></span> <span class='ocrx_word' id='word_1_228' title='bbox 2154 2830 2387 2893; x_wconf 78' lang='lat' dir='ltr'>genetrix</span> <span class='ocrx_word' id='word_1_229' title='bbox 2423 2828 2675 2878; x_wconf 83' lang='lat' dir='ltr'>Cadmeia</span> <span class='ocrx_word' id='word_1_230' title='bbox 2714 2855 2779 2865; x_wconf 91' lang='lat'><em>-</em></span> <span class='ocrx_word' id='word_1_231' title='bbox 2816 2828 2937 2879; x_wconf 74' lang='lat' dir='ltr'>Jam</span> 
     </span>
    </p>

    <p class='ocr_par' dir='ltr' id='par_1_4' title="bbox 769 2912 2999 4345">
     <span class='ocr_line' id='line_1_30' title="bbox 881 2912 2797 2977; baseline 0.006 -22"><span class='ocrx_word' id='word_1_232' title='bbox 881 2948 886 2955; x_wconf 95' lang='lat'>.</span> <span class='ocrx_word' id='word_1_233' title='bbox 1107 2946 1140 2959; x_wconf 89' lang='grc'>..</span> <span class='ocrx_word' id='word_1_234' title='bbox 1259 2912 1474 2963; x_wconf 74' lang='lat' dir='ltr'>dimissa</span> <span class='ocrx_word' id='word_1_235' title='bbox 1504 2912 1641 2962; x_wconf 67' lang='lat' dir='ltr'>deo,</span> <span class='ocrx_word' id='word_1_236' title='bbox 1677 2914 1807 2964; x_wconf 79' lang='lat'>405:</span> <span class='ocrx_word' id='word_1_237' title='bbox 1849 2913 2058 2965; x_wconf 77' lang='lat' dir='ltr'>Baccho</span> <span class='ocrx_word' id='word_1_238' title='bbox 2087 2914 2195 2977; x_wconf 81' lang='lat' dir='ltr'>jam</span> <span class='ocrx_word' id='word_1_239' title='bbox 2232 2914 2550 2977; x_wconf 80' lang='lat' dir='ltr'>demigrante</span> <span class='ocrx_word' id='word_1_240' title='bbox 2590 2914 2797 2977; x_wconf 84' lang='lat' dir='ltr'>quievit.</span> 
     </span>
     <span class='ocr_line' id='line_1_31' title="bbox 883 2996 2881 3063; baseline -0.001 -17"><span class='ocrx_word' id='word_1_241' title='bbox 883 3020 945 3030; x_wconf 93' lang='lat'>—-</span> <span class='ocrx_word' id='word_1_242' title='bbox 985 2996 1102 3055; x_wconf 84' lang='grc'><strong>177,</strong></span> <span class='ocrx_word' id='word_1_243' title='bbox 1141 2996 1224 3046; x_wconf 86' lang='grc'>16.</span> <span class='ocrx_word' id='word_1_244' title='bbox 1265 2996 1468 3047; x_wconf 80' lang='lat' dir='ltr'>Handio</span> <span class='ocrx_word' id='word_1_245' title='bbox 1506 3024 1569 3045; x_wconf 83' lang='lat'>.—-</span> <span class='ocrx_word' id='word_1_246' title='bbox 1607 2998 1859 3049; x_wconf 87' lang='lat' dir='ltr'>Emendd.</span> <span class='ocrx_word' id='word_1_247' title='bbox 1895 2999 2092 3049; x_wconf 85' lang='lat' dir='ltr'>Arnob.</span> <span class='ocrx_word' id='word_1_248' title='bbox 2132 2997 2305 3062; x_wconf 83' lang='lat' dir='ltr'>(Anal.</span> <span class='ocrx_word' id='word_1_249' title='bbox 2344 2998 2498 3062; x_wconf 85' lang='lat' dir='ltr'>Prop.</span> <span class='ocrx_word' id='word_1_250' title='bbox 2536 2998 2639 3059; x_wconf 89' lang='lat' dir='ltr'>XI)</span> <span class='ocrx_word' id='word_1_251' title='bbox 2676 3014 2727 3063; x_wconf 90' lang='lat' dir='ltr'>p.</span> <span class='ocrx_word' id='word_1_252' title='bbox 2768 3001 2881 3048; x_wconf 91' lang='grc'><strong>72..</strong></span> 
     </span>
     <span class='ocr_line' id='line_1_32' title="bbox 879 3080 2908 3149; baseline 0.001 -18"><span class='ocrx_word' id='word_1_253' title='bbox 879 3107 946 3143; x_wconf 87' lang='lat'><em>····.</em></span> <span class='ocrx_word' id='word_1_254' title='bbox 983 3082 1100 3137; x_wconf 79' lang='lat'>184.</span> <span class='ocrx_word' id='word_1_255' title='bbox 1145 3083 1208 3131; x_wconf 82' lang='lat'>14</span> <span class='ocrx_word' id='word_1_256' title='bbox 1261 3080 1397 3132; x_wconf 88' lang='lat' dir='ltr'>Add.</span> <span class='ocrx_word' id='word_1_257' title='bbox 1437 3081 1558 3134; x_wconf 85' lang='lat' dir='ltr'>Seu.</span> <span class='ocrx_word' id='word_1_258' title='bbox 1597 3083 1727 3133; x_wconf 71' lang='grc' dir='ltr'>Τιό.</span> <span class='ocrx_word' id='word_1_259' title='bbox 1759 3086 1851 3138; x_wconf 77' lang='lat'>85:</span> <span class='ocrx_word' id='word_1_260' title='bbox 1888 3099 1981 3149; x_wconf 86' lang='lat' dir='ltr'>per</span> <span class='ocrx_word' id='word_1_261' title='bbox 2016 3085 2197 3133; x_wconf 81' lang='lat' dir='ltr'>colla</span> <span class='ocrx_word' id='word_1_262' title='bbox 2230 3082 2395 3131; x_wconf 83' lang='lat' dir='ltr'>fluant</span> <span class='ocrx_word' id='word_1_263' title='bbox 2428 3084 2679 3133; x_wconf 85' lang='lat' dir='ltr'>Moesta</span> <span class='ocrx_word' id='word_1_264' title='bbox 2717 3083 2908 3148; x_wconf 80' lang='lat' dir='ltr'>capilli.</span> 
     </span>
     <span class='ocr_line' id='line_1_33' title="bbox 880 3166 2825 3233; baseline 0.003 -19"><span class='ocrx_word' id='word_1_265' title='bbox 880 3192 944 3203; x_wconf 89' lang='lat'>-</span> <span class='ocrx_word' id='word_1_266' title='bbox 991 3167 1103 3224; x_wconf 81' lang='lat'>186,</span> <span class='ocrx_word' id='word_1_267' title='bbox 1141 3166 1221 3215; x_wconf 88' lang='grc'><strong>31.</strong></span> <span class='ocrx_word' id='word_1_268' title='bbox 1261 3181 1439 3217; x_wconf 83' lang='lat' dir='ltr'>umor</span> <span class='ocrx_word' id='word_1_269' title='bbox 1477 3168 1612 3217; x_wconf 69' lang='lat' dir='ltr'>Fut.</span> <span class='ocrx_word' id='word_1_270' title='bbox 1652 3194 1715 3205; x_wconf 86' lang='lat'>—-</span> <span class='ocrx_word' id='word_1_271' title='bbox 1756 3177 1819 3217; x_wconf 85' lang='lat' dir='ltr'>et</span> <span class='ocrx_word' id='word_1_272' title='bbox 1854 3169 2125 3219; x_wconf 71' lang='lat' dir='ltr'>Dat-mat.</span> <span class='ocrx_word' id='word_1_273' title='bbox 2162 3166 2427 3224; x_wconf 71' lang='lat' dir='ltr'>Censor-in.</span> <span class='ocrx_word' id='word_1_274' title='bbox 2464 3170 2499 3219; x_wconf 87' lang='lat'>4</span> <span class='ocrx_word' id='word_1_275' title='bbox 2534 3184 2583 3233; x_wconf 90' lang='lat' dir='ltr'>p.</span> <span class='ocrx_word' id='word_1_276' title='bbox 2621 3170 2703 3227; x_wconf 87' lang='grc'>11,</span> <span class='ocrx_word' id='word_1_277' title='bbox 2746 3172 2825 3219; x_wconf 91' lang='grc'><strong>10.</strong></span> 
     </span>
     <span class='ocr_line' id='line_1_34' title="bbox 887 3251 2939 3317; baseline 0.001 -16"><span class='ocrx_word' id='word_1_278' title='bbox 887 3277 950 3301; x_wconf 62' lang='lat' dir='ltr'>s·-</span> <span class='ocrx_word' id='word_1_279' title='bbox 995 3252 1108 3309; x_wconf 83' lang='lat'>194,</span> <span class='ocrx_word' id='word_1_280' title='bbox 1146 3251 1229 3301; x_wconf 85' lang='lat'>39.</span> <span class='ocrx_word' id='word_1_281' title='bbox 1266 3259 1319 3302; x_wconf 79' lang='lat' dir='ltr'>et</span> <span class='ocrx_word' id='word_1_282' title='bbox 1361 3252 1484 3303; x_wconf 85' lang='lat' dir='ltr'>Met.</span> <span class='ocrx_word' id='word_1_283' title='bbox 1526 3251 1681 3303; x_wconf 81' lang='lat' dir='ltr'>XIII.</span> <span class='ocrx_word' id='word_1_284' title='bbox 1721 3254 1847 3304; x_wconf 81' lang='lat'>682:</span> <span class='ocrx_word' id='word_1_285' title='bbox 1906 3254 2238 3305; x_wconf 79' lang='lat' dir='ltr'>at.Aoniis</span> <span class='ocrx_word' id='word_1_286' title='bbox 2290 3278 2347 3289; x_wconf 90' lang='lat'>—-</span> <span class='ocrx_word' id='word_1_287' title='bbox 2395 3254 2513 3302; x_wconf 83' lang='lat' dir='ltr'>oris.</span> <span class='ocrx_word' id='word_1_288' title='bbox 2552 3254 2699 3303; x_wconf 86' lang='lat' dir='ltr'>codd.</span> <span class='ocrx_word' id='word_1_289' title='bbox 2743 3253 2939 3317; x_wconf 80' lang='lat' dir='ltr'>aliquot</span> 
     </span>
     <span class='ocr_line' id='line_1_35' title="bbox 1259 3335 2936 3399; baseline 0.004 -14"><span class='ocrx_word' id='word_1_290' title='bbox 1259 3335 1636 3388; x_wconf 75' lang='lat' dir='ltr'>Haemoniis</span> <span class='ocrx_word' id='word_1_291' title='bbox 1692 3339 1757 3386; x_wconf 81' lang='lat' dir='ltr'>ef.</span> <span class='ocrx_word' id='word_1_292' title='bbox 1803 3337 1999 3399; x_wconf 38' lang='lat' dir='ltr'>Lucan..</span> <span class='ocrx_word' id='word_1_293' title='bbox 2051 3338 2143 3389; x_wconf 88' lang='lat' dir='ltr'>VI.</span> <span class='ocrx_word' id='word_1_294' title='bbox 2190 3339 2291 3391; x_wconf 88' lang='grc'>436</span> <span class='ocrx_word' id='word_1_295' title='bbox 2339 3338 2757 3391; x_wconf 80' lang='lat' dir='ltr'>Haemonidum.</span> <span class='ocrx_word' id='word_1_296' title='bbox 2828 3336 2936 3391; x_wconf 83' lang='lat' dir='ltr'>Ois.</span> 
     </span>
     <span class='ocr_line' id='line_1_36' title="bbox 1219 3420 1659 3475; baseline -0.005 -2"><span class='ocrx_word' id='word_1_297' title='bbox 1219 3466 1224 3473; x_wconf 97' lang='lat'>.</span> <span class='ocrx_word' id='word_1_298' title='bbox 1265 3420 1442 3475; x_wconf 56' lang='lat' dir='ltr'>Eam·</span> <span class='ocrx_word' id='word_1_299' title='bbox 1470 3422 1659 3471; x_wconf 83' lang='lat' dir='ltr'>nidum</span> 
     </span>
     <span class='ocr_line' id='line_1_37' title="bbox 769 3504 2999 3574; baseline 0.001 -19"><span class='ocrx_word' id='word_1_300' title='bbox 769 3504 792 3555; x_wconf 69' lang='lat' dir='ltr'><em>f</em></span> <span class='ocrx_word' id='word_1_301' title='bbox 835 3535 840 3541; x_wconf 90' lang='lat'>·</span> <span class='ocrx_word' id='word_1_302' title='bbox 886 3533 950 3543; x_wconf 92' lang='lat'>-</span> <span class='ocrx_word' id='word_1_303' title='bbox 995 3507 1112 3565; x_wconf 78' lang='lat'>204,</span> <span class='ocrx_word' id='word_1_304' title='bbox 1151 3506 1232 3556; x_wconf 76' lang='lat'>38.</span> <span class='ocrx_word' id='word_1_305' title='bbox 1273 3506 1520 3570; x_wconf 71' lang='lat' dir='ltr'>Sequitur</span> <span class='ocrx_word' id='word_1_306' title='bbox 1555 3508 1648 3556; x_wconf 65' lang='lat' dir='ltr'>hus</span> <span class='ocrx_word' id='word_1_307' title='bbox 1686 3506 2117 3573; x_wconf 64' lang='lat' dir='ltr'>Wnnnowekyua·</span> <span class='ocrx_word' id='word_1_308' title='bbox 2146 3511 2207 3559; x_wconf 91' lang='lat' dir='ltr'>de</span> <span class='ocrx_word' id='word_1_309' title='bbox 2250 3510 2537 3574; x_wconf 62' lang='lat' dir='ltr'>promiscuo</span> <span class='ocrx_word' id='word_1_310' title='bbox 2573 3509 2713 3560; x_wconf 82' lang='lat' dir='ltr'>verb.</span> <span class='ocrx_word' id='word_1_311' title='bbox 2750 3518 2849 3559; x_wconf 83' lang='lat' dir='ltr'>act.</span> <span class='ocrx_word' id='word_1_312' title='bbox 2887 3520 2939 3557; x_wconf 86' lang='lat' dir='ltr'>et</span> <span class='ocrx_word' id='word_1_313' title='bbox 2988 3510 2999 3557; x_wconf 76' lang='lat' dir='ltr'>l</span> 
     </span>
     <span class='ocr_line' id='line_1_38' title="bbox 1259 3560 2995 3705; baseline 0.003 -66"><span class='ocrx_word' id='word_1_314' title='bbox 1259 3600 1418 3645; x_wconf 84' lang='lat' dir='ltr'>neutr.</span> <span class='ocrx_word' id='word_1_315' title='bbox 1456 3607 1550 3641; x_wconf 82' lang='lat' dir='ltr'>usu</span> <span class='ocrx_word' id='word_1_316' title='bbox 1587 3609 1635 3657; x_wconf 87' lang='lat' dir='ltr'>p.</span> <span class='ocrx_word' id='word_1_317' title='bbox 1678 3594 1756 3644; x_wconf 90' lang='grc'>13.</span> <span class='ocrx_word' id='word_1_318' title='bbox 1820 3594 1995 3657; x_wconf 69' lang='lat' dir='ltr'>Progr.</span> <span class='ocrx_word' id='word_1_319' title='bbox 2032 3593 2187 3646; x_wconf 69' lang='lat' dir='ltr'>Posn‘.</span> <span class='ocrx_word' id='word_1_320' title='bbox 2230 3595 2391 3647; x_wconf 81' lang='lat'>1867:</span> <span class='ocrx_word' id='word_1_321' title='bbox 2430 3594 2805 3657; x_wconf 79' lang='lat' dir='ltr'>„flagrabat</span> <span class='ocrx_word' id='word_1_322' title='bbox 2840 3595 2936 3645; x_wconf 85' lang='lat' dir='ltr'>in·</span> <span class='ocrx_word' id='word_1_323' title='bbox 2960 3560 2995 3705; x_wconf 61' lang='lat' dir='ltr'>(l</span> 
     </span>
     <span class='ocr_line' id='line_1_39' title="bbox 1259 3676 2972 3751; baseline 0.004 -29"><span class='ocrx_word' id='word_1_324' title='bbox 1259 3676 1579 3725; x_wconf 77' lang='lat' dir='ltr'>cendebat</span> <span class='ocrx_word' id='word_1_325' title='bbox 1623 3694 1765 3739; x_wconf 86' lang='lat' dir='ltr'>eam,</span> <span class='ocrx_word' id='word_1_326' title='bbox 1821 3689 1883 3728; x_wconf 88' lang='lat' dir='ltr'>ut·</span> <span class='ocrx_word' id='word_1_327' title='bbox 1916 3679 2137 3751; x_wconf 19' lang='lat' dir='ltr'>*similem</span> <span class='ocrx_word' id='word_1_328' title='bbox 2182 3680 2341 3731; x_wconf 83' lang='lat' dir='ltr'>filium</span> <span class='ocrx_word' id='word_1_329' title='bbox 2390 3696 2459 3728; x_wconf 81' lang='lat' dir='ltr'>ex</span> <span class='ocrx_word' id='word_1_330' title='bbox 2507 3682 2690 3729; x_wconf 84' lang='lat' dir='ltr'>Aenea</span> <span class='ocrx_word' id='word_1_331' title='bbox 2726 3681 2972 3743; x_wconf 63' lang='lat' dir='ltr'>gignere·¹</span> 
     </span>
     <span class='ocr_line' id='line_1_40' title="bbox 1165 3765 2936 3828; baseline 0.004 -21"><span class='ocrx_word' id='word_1_332' title='bbox 1165 3803 1172 3807; x_wconf 88' lang='lat'>.</span> <span class='ocrx_word' id='word_1_333' title='bbox 1259 3769 1500 3823; x_wconf 85' lang='lat' dir='ltr'>cuperet,</span> <span class='ocrx_word' id='word_1_334' title='bbox 1539 3772 1653 3823; x_wconf 83' lang='lat' dir='ltr'>aut,</span> <span class='ocrx_word' id='word_1_335' title='bbox 1699 3767 1834 3827; x_wconf 85' lang='lat' dir='ltr'>quod</span> <span class='ocrx_word' id='word_1_336' title='bbox 1873 3766 1923 3813; x_wconf 86' lang='lat' dir='ltr'>in</span> <span class='ocrx_word' id='word_1_337' title='bbox 1960 3765 2147 3817; x_wconf 73' lang='lat' dir='ltr'>lexicis</span> <span class='ocrx_word' id='word_1_338' title='bbox 2184 3768 2527 3823; x_wconf 75' lang='lat' dir='ltr'>desideratur,</span> <span class='ocrx_word' id='word_1_339' title='bbox 2564 3776 2645 3813; x_wconf 79' lang='lat' dir='ltr'>est</span> <span class='ocrx_word' id='word_1_340' title='bbox 2678 3765 2761 3824; x_wconf 88' lang='lat' dir='ltr'>id,</span> <span class='ocrx_word' id='word_1_341' title='bbox 2801 3767 2936 3828; x_wconf 86' lang='lat' dir='ltr'>quod</span> 
     </span>
     <span class='ocr_line' id='line_1_41' title="bbox 1256 3836 2938 3913; baseline 0.001 -16"><span class='ocrx_word' id='word_1_342' title='bbox 1256 3847 1613 3897; x_wconf 69' lang='lat' dir='ltr'>ostendere</span> <span class='ocrx_word' id='word_1_343' title='bbox 1671 3849 1734 3900; x_wconf 83' lang='lat' dir='ltr'>cf.</span> <span class='ocrx_word' id='word_1_344' title='bbox 1790 3849 1917 3902; x_wconf 56' lang='grc' dir='ltr'>Νη.</span> <span class='ocrx_word' id='word_1_345' title='bbox 1961 3836 2455 3901; x_wconf 76' lang='lat' dir='ltr'>Pau..Conetantin.</span> <span class='ocrx_word' id='word_1_346' title='bbox 2507 3852 2594 3899; x_wconf 86' lang='grc'>143</span> <span class='ocrx_word' id='word_1_347' title='bbox 2652 3850 2938 3913; x_wconf 84' lang='lat' dir='ltr'>flagrabant</span> 
     </span>
     <span class='ocr_line' id='line_1_42' title="bbox 1257 3931 2937 3999; baseline 0.005 -22"><span class='ocrx_word' id='word_1_348' title='bbox 1257 3931 1541 3979; x_wconf 85' lang='lat' dir='ltr'>verendum</span> <span class='ocrx_word' id='word_1_349' title='bbox 1590 3936 1762 3990; x_wconf 83' lang='lat' dir='ltr'>nescio</span> <span class='ocrx_word' id='word_1_350' title='bbox 1792 3937 1929 3999; x_wconf 87' lang='lat' dir='ltr'>·quid</span> <span class='ocrx_word' id='word_1_351' title='bbox 1976 3937 2202 3985; x_wconf 86' lang='lat' dir='ltr'>umbone</span> <span class='ocrx_word' id='word_1_352' title='bbox 2250 3938 2445 3986; x_wconf 78' lang='lat' dir='ltr'>corusci</span> <span class='ocrx_word' id='word_1_353' title='bbox 2484 3937 2537 3985; x_wconf 86' lang='lat' dir='ltr'>id</span> <span class='ocrx_word' id='word_1_354' title='bbox 2575 3942 2651 3985; x_wconf 80' lang='lat' dir='ltr'>est</span> <span class='ocrx_word' id='word_1_355' title='bbox 2686 3936 2937 3985; x_wconf 84' lang='lat' dir='ltr'>emicabat</span> 
     </span>
     <span class='ocr_line' id='line_1_43' title="bbox 1258 4013 2894 4085; baseline 0.006 -24"><span class='ocrx_word' id='word_1_356' title='bbox 1258 4014 1310 4063; x_wconf 86' lang='lat' dir='ltr'>in</span> <span class='ocrx_word' id='word_1_357' title='bbox 1347 4013 1410 4063; x_wconf 76' lang='lat' dir='ltr'>iis</span> <span class='ocrx_word' id='word_1_358' title='bbox 1446 4017 1717 4079; x_wconf 76' lang='lat' dir='ltr'>majestas“</span> <span class='ocrx_word' id='word_1_359' title='bbox 1758 4022 1847 4071; x_wconf 90' lang='lat' dir='ltr'>ille</span> <span class='ocrx_word' id='word_1_360' title='bbox 1886 4021 2096 4085; x_wconf 81' lang='lat' dir='ltr'>quidem</span> <span class='ocrx_word' id='word_1_361' title='bbox 2127 4020 2331 4073; x_wconf 74' lang='lat' dir='ltr'>Nazarii</span> <span class='ocrx_word' id='word_1_362' title='bbox 2369 4022 2489 4082; x_wconf 20' lang='lat' dir='ltr'>loco·</span> <span class='ocrx_word' id='word_1_363' title='bbox 2521 4022 2648 4071; x_wconf 53' lang='lat' dir='ltr'>&gt;mire</span> <span class='ocrx_word' id='word_1_364' title='bbox 2686 4022 2894 4073; x_wconf 79' lang='lat' dir='ltr'>abusus.</span> 
     </span>
     <span class='ocr_line' id='line_1_44' title="bbox 827 4096 2935 4169; baseline 0.003 -17"><span class='ocrx_word' id='word_1_365' title='bbox 827 4122 836 4127; x_wconf 88' lang='lat'><strong>·</strong></span> <span class='ocrx_word' id='word_1_366' title='bbox 889 4124 951 4139; x_wconf 80' lang='lat'>--·</span> <span class='ocrx_word' id='word_1_367' title='bbox 991 4104 1108 4163; x_wconf 88' lang='grc'><strong>216,</strong></span> <span class='ocrx_word' id='word_1_368' title='bbox 1146 4101 1231 4153; x_wconf 78' lang='lat'>44.</span> <span class='ocrx_word' id='word_1_369' title='bbox 1268 4096 1420 4148; x_wconf 89' lang='lat' dir='ltr'>Unde</span> <span class='ocrx_word' id='word_1_370' title='bbox 1453 4098 1761 4169; x_wconf 70' lang='lat' dir='ltr'>intelligit‘ur</span> <span class='ocrx_word' id='word_1_371' title='bbox 1797 4108 1931 4169; x_wconf 81' lang='lat' dir='ltr'>apud</span> <span class='ocrx_word' id='word_1_372' title='bbox 1980 4108 2389 4159; x_wconf 79' lang='lat' dir='ltr'>Ammiauum.</span> <span class='ocrx_word' id='word_1_373' title='bbox 2418 4106 2779 4165; x_wconf 75' lang='lat' dir='ltr'>Marcellinum</span> <span class='ocrx_word' id='word_1_374' title='bbox 2814 4108 2935 4160; x_wconf 88' lang='lat' dir='ltr'>XV.</span> 
     </span>
     <span class='ocr_line' id='line_1_45' title="bbox 1261 4182 2934 4257; baseline 0.002 -15"><span class='ocrx_word' id='word_1_375' title='bbox 1261 4185 1348 4242; x_wconf 77' lang='grc' dir='ltr'>1οο</span> <span class='ocrx_word' id='word_1_376' title='bbox 1385 4182 1447 4243; x_wconf 83' lang='lat'>5:</span> <span class='ocrx_word' id='word_1_377' title='bbox 1512 4193 1710 4256; x_wconf 73' lang='lat' dir='ltr'>„eversi</span> <span class='ocrx_word' id='word_1_378' title='bbox 1763 4188 2042 4255; x_wconf 79' lang='lat' dir='ltr'>graves“</span> <span class='ocrx_word' id='word_1_379' title='bbox 2100 4192 2433 4255; x_wconf 80' lang='lat' dir='ltr'>probabiliter</span> <span class='ocrx_word' id='word_1_380' title='bbox 2485 4206 2517 4241; x_wconf 85' lang='lat' dir='ltr'>a</span> <span class='ocrx_word' id='word_1_381' title='bbox 2567 4194 2717 4243; x_wconf 76' lang='lat' dir='ltr'>nobie</span> <span class='ocrx_word' id='word_1_382' title='bbox 2772 4193 2934 4257; x_wconf 78' lang='lat' dir='ltr'>Epist.</span> 
     </span>
     <span class='ocr_line' id='line_1_46' title="bbox 1259 4276 2937 4345; baseline 0.002 -18"><span class='ocrx_word' id='word_1_383' title='bbox 1259 4276 1496 4333; x_wconf 58' lang='lat' dir='ltr'>Criu-ad</span> <span class='ocrx_word' id='word_1_384' title='bbox 1547 4276 1743 4343; x_wconf 67' lang='lat' dir='ltr'>Bergk,</span> <span class='ocrx_word' id='word_1_385' title='bbox 1798 4293 1847 4345; x_wconf 85' lang='lat' dir='ltr'>p.</span> <span class='ocrx_word' id='word_1_386' title='bbox 1896 4278 1931 4328; x_wconf 89' lang='grc'><strong>4</strong></span> <span class='ocrx_word' id='word_1_387' title='bbox 1983 4277 2325 4341; x_wconf 83' lang='lat' dir='ltr'>conjectatum</span> <span class='ocrx_word' id='word_1_388' title='bbox 2380 4292 2489 4327; x_wconf 78' lang='lat' dir='ltr'>esse</span> <span class='ocrx_word' id='word_1_389' title='bbox 2534 4292 2765 4329; x_wconf 82' lang='lat' dir='ltr'>eranes</span> <span class='ocrx_word' id='word_1_390' title='bbox 2810 4278 2845 4329; x_wconf 87' lang='lat' dir='ltr'>i.</span> <span class='ocrx_word' id='word_1_391' title='bbox 2893 4294 2937 4331; x_wconf 87' lang='lat' dir='ltr'>e.</span> 
     </span>
    </p>
   </div>
  </div>
 </body>
</html>
