3234 4967
1160 394 1453 461 Oonject.
1489 394 1613 449 XX.
2355 402 2455 452 283

307 564 538 617 orbem.“
609 564 736 617 Stat.
773 564 900 619 Silv.
939 566 1004 623 T.
1043 572 1090 626 3,
1130 562 1256 620 1042
1307 563 1560 619 Exsere
1596 568 1951 633 semirutos
2005 568 2169 619 subito
2206 570 2273 620 de
2308 570 2455 635 pul-

308 664 456 716 vere
491 650 744 701 vultus“
783 648 868 714 (cf.
908 650 1078 702 Theb.
1112 650 1183 700 V.
1221 654 1318 703 873
1353 660 1502 703 antra
1539 654 1620 703 dei
1655 652 1899 705 fumantis
1936 654 2145 705 anhelos
2166 655 2457 705 Exseruere

309 734 553 799 apices“).
593 736 758 786 Theb.
783 735 910 785 XII.
935 736 1060 787 3052
1098 732 1520 801 Cynthia—tibi
1554 738 1901 801 nimbosum
1936 738 2208 803 languet
2236 739 2458 804 jubar-2

309 832 558 879 exsere,
596 834 804 883 quaese,
843 819 1089 869 Cornua“
1127 818 1219 883 (cf.
1256 820 1473 872 Erbard.
1508 821 1719 875 Petron.
1758 826 1857 875 127
1894 840 1945 889 p.
1984 824 2083 875 783
2128 839 2204 889 sq.
2273 825 2457 877 Avien.

309 901 454 953 Arat.
489 903 684 955 Phaon.
724 906 884 960 1144:
921 912 1094 955 manet
1127 905 1460 967 Arcitenens,
1495 908 1615 957 dum
1652 908 1909 973 spicula
1942 908 2093 960 coelo
2128 906 2461 973 Exserat),

315 995 422 1039 tum
476 990 712 1055 Paneg.
766 991 844 1041 ad
893 989 1114 1043 Pison.
1152 990 1280 1043 256:
1349 991 1665 1053 „Possumus
1700 993 1957 1058 impositis
1993 999 2149 1059 caput
2182 1008 2459 1044 exonerare

313 1073 539 1125 tenebris
594 1074 665 1124 Et
697 1074 866 1127 lucem
901 1084 1132 1142 spectare
1166 1064 1422 1137 novam‘ss'
1457 1078 1522 1126 de
1577 1091 1679 1140 quo
1726 1077 1845 1129 loco
1880 1080 1945 1129 ab
1981 1078 2209 1130 Webero
2244 1078 2458 1129 multum

311 1159 569 1225 discrepat
603 1166 832 1211 nostrum
861 1160 1130 1225 judicium.
1199 1162 1474 1212 Recolenti
1499 1162 1633 1211 enim
1659 1163 1811 1213 simul
1834 1164 2214 1216 similitudinem
2240 1162 2463 1227 exempli

315 1244 478 1309 Soph.
517 1243 578 1299 Ο.
617 1246 680 1295 R.
718 1247 812 1295 242
849 1242 1173 1315 ἀνακουφίσαι
1207 1244 1339 1313 κάρα
1371 1238 1562 1295 Butam
1601 1242 1669 1296 ἔτ’
1710 1243 1805 1319 οὐχ
1840 1246 1923 1299 οἵα
1954 1263 2011 1298 τε
2064 1244 2254 1317 φοινίου
2306 1244 2465 1299 σάλου

312 1328 612 1393 eorumque,
648 1345 782 1395 quae
817 1331 1145 1380 contulerunt
1177 1329 1464 1381 Dorvillius
1502 1330 1701 1387 charit.
1738 1332 1811 1382 II.
1846 1333 1883 1382 4
1916 1348 1966 1397 p.
2004 1333 2122 1385 307.
2195 1333 2463 1383 Hemster-

310 1415 492 1465 husius
526 1415 738 1465 Lucian.
780 1416 956 1467 Somn.
997 1417 1062 1465 13
1098 1431 1147 1480 Ρ.
1185 1417 1302 1465 196.
1373 1414 1799 1480 wyttenbachius
1836 1416 1971 1466 Plat.
2005 1416 2199 1469 Phaed.
2256 1433 2311 1482 p.
2346 1418 2464 1477 302,

314 1509 366 1549 et
401 1500 743 1559 diversitatem
778 1500 1018 1551 librorum
1059 1510 1112 1550 et
1148 1502 1309 1551 verba
1348 1516 1669 1553 exornare
1706 1511 1756 1551 et
1793 1516 2101 1551 exercere
2155 1502 2463 1551 variantium

315 1585 524 1648 (quibus
559 1586 687 1637 locis
723 1586 777 1633 in
811 1585 1059 1636 Emendd.
1095 1585 1254 1651 Prop.
1291 1586 1390 1637 IV.
1428 1588 1458 1637 2
1497 1584 1757 1649 dicemus)
1810 1593 1861 1635 et
1896 1600 2207 1635 exercere
2261 1594 2313 1637 et
2348 1600 2463 1635 ex-

316 1676 566 1721 sertare
621 1666 795 1735 (Virg.
833 1670 966 1720 Aen.
1001 1671 1102 1721 111.
1148 1672 1280 1722 4251
1353 1669 1461 1721 Ora
1520 1678 1972 1721 exsertantem.
2040 1670 2228 1721 Hamb.
2282 1683 2465 1719 exer-

317 1761 574 1805 centem.
643 1754 824 1819 Prosp.
863 1754 1042 1819 Aquit.
1079 1756 1115 1805 1.
1153 1756 1288 1805 infra·
1320 1754 1486 1819 affer.)
1540 1771 1648 1805 non
1703 1751 1916 1808 dubium
1952 1756 2155 1807 videtur
2198 1742 2309 1805 esse
2344 1754 2467 1819 quin

319 1842 526 1889 duarum
563 1855 746 1891 vocum
784 1854 912 1905 opus
949 1841 1016 1889 sit
1049 1841 1370 1891 restitutione
1406 1842 1532 1893 hac:
1602 1840 1981 1905 implacidis
2034 1846 2189 1905 caput
2242 1852 2467 1889 exser-

318 1933 454 1974 tare
506 1923 778 1985 tenebris“‚
838 1939 1054 1988 quarum
1107 1940 1287 1977 vocum
1341 1927 1558 1977 alteram
1593 1926 1922 1975 Burmannus
1974 1925 2132 1989 Prop.
2186 1923 2227 1977 Ι.
2287 1926 2365 1984 10,
2402 1924 2465 1975 15
2528 1962 2533 1965 -

318 2026 367 2074 p.
408 2012 507 2060 110
543 2011 687 2073 eruit,
725 2010 943 2059 alteram
977 2011 1229 2074 probandi
1270 2017 1322 2061 et
1355 2011 1645 2061 stabiliendi
1682 2011 1828 2062 locus
1871 2012 1966 2059 erit
2010 2010 2061 2059 in
2098 2008 2468 2073 disceptatione

319 2093 522 2144 Aetnae
556 2110 729 2145 versus
768 2096 832 2145 19
867 2095 1114 2149 Emendd.
1152 2095 1305 2161 Pro-p.
1345 2097 1442 2146 VI.
1481 2098 1529 2145 2.
1603 2096 1845 2160 Denique
1898 2110 2001 2145 non
2040 2095 2264 2143 alienum
2300 2100 2379 2143 est
2412 2093 2467 2143 in

321 2182 751 2248 comparationem
799 2182 1048 2231 adducere
1103 2179 1339 2232 Ovidium
1373 2181 1514 2231 Fast.
1552 2179 1594 2233 Ι.
1634 2183 1761 2233 299;
1813 2181 1931 2231 iuos
1988 2180 2179 2245 pariter
2230 2178 2470 2242 vitiisque

320 2264 554 2332 locisque
588 2265 762 2315 Altius
798 2266 1034 2317 humanis
1073 2267 1444 2317 exseruisse
1479 2279 1598 2330 cap
1614 2271 1693 2313 ut.
1766 2261 1861 2315 Sil.
1899 2263 1942 2317 1.
1982 2266 2074 2315 292
2129 2262 2467 2327 magnanimis

319 2353 534 2402 Romam
600 2358 796 2417 caput
844 2352 1122 2419 urbibus
1175 2351 1280 2401 alte
1335 2349 1667 2401 Exserere.
1740 2348 1891 2401 Ovid.
1944 2350 2071 2400 Met.
2124 2347 2279 2398 XIII.
2340 2348 2473 2399 838:

319 2440 535 2489 nitidum
573 2445 768 2503 caput
804 2452 1032 2507 exsere
1080 2443 1298 2502 pont0.
1370 2436 1567 2485 Lucan.
1605 2434 1675 2483 V.
1712 2436 1839 2485 598:
1911 2436 1975 2484 ab
2011 2433 2221 2486 Oceano
2258 2458 2325 2471 --
2362 2448 2469 2482 ca-

319 2530 428 2591 put
462 2525 714 2575 exseris
750 2549 832 2584 -,
896 2521 1064 2573 Core“
1124 2529 1178 2571 et
1237 2520 1354 2571 Sen.
1420 2521 1604 2585 Agam.
1666 2521 1804 2569 4842·
1866 2521 2071 2583 rapidus
2131 2532 2243 2567 ora
2304 2514 2469 2567 Corus

322 2608 576 2660 Oceano
616 2622 944 2661 exserens.
1014 2607 1304 2659 Nemesian.
1331 2604 1463 2671 Cyn.
1488 2606 1610 2655 213:
1652 2605 1895 2655 Phoebus
1930 2613 1981 2655 et
2016 2603 2232 2654 attonito
2268 2602 2470 2668 pallens

321 2702 515 2760 caput
567 2680 812 2745 exserit
866 2693 990 2742 orbe
1042 2689 1378 2755 (efi'Gualth.
1415 2690 1570 2741 Alex.
1624 2688 1695 2744 ΙΙ.
1734 2691 1861 2741 306:
1931 2697 2167 2755 posterus
2222 2688 2473 2737 exserit

323 2781 542 2829 orbem
576 2778 873 2832 Luciferum
911 2776 1112 2826 Titan.“
1183 2777 1396 2827 Petron.
1434 2778 1534 2825 114
1568 2792 1621 2840 p.
1656 2776 1786 2825 684:
1848 2775 2021 2824 tunica
2058 2780 2323 2823 contectus
2362 2786 2471 2822 ex·

324 2866 534 2915 seruit
568 2866 636 2913 ad
675 2864 908 2914 osculum
946 2860 1212 2928 eaput“).
1288 2861 1472 2912 Avien.
1505 2863 1576 2912 D.
1616 2862 1681 2913 O.
1720 2863 1852 2913 1157
1864 2873 1882 2913 z
1924 2859 2091 2909 Fusus
2126 2859 2193 2907 ab
2229 2858 2474 2909 Armenia

322 2958 519 3000 vastum
574 2955 768 3014 caput
818 2949 1062 2999 exserit
1112 2954 1315 3000 antro,
1386 2946 1623 2999 Wernsd.
1660 2964 1707 3003 v,
1750 2950 1883 2999 1158
1928 2962 1981 3011 p.
2018 2945 2134 2995 859.
2205 2942 2338 2993 Stat.
2374 2941 2472 2992 IX.

320 3039 420 3085 412
459 3034 541 3100 (ut
574 3034 721 3099 Virg.
758 3035 793 3085 1.
832 3030 939 3097 d.}:
978 3033 1084 3084 Ora
1119 3039 1556 3085 exsertantem
1593 3032 1717 3095 (IV.
1757 3034 1884 3085 731:
1922 3031 2027 3081 Ora
2064 3034 2319 3079 catenatas
2354 3042 2473 3092 pro-

325 3123 407 3173 cul
443 3122 815 3171 exertantia
853 3117 1191 3183 linguas“).
1263 3118 1463 3169 Auson.
1501 3119 1635 3169 Mos.
1673 3121 1803 3170 4702
1858 3117 2001 3167 fonte
2054 3128 2293 3178 supremo
2346 3112 2473 3162 Ex-

324 3208 478 3257 seris
514 3215 746 3256 auratum
780 3206 1012 3257 taurinae
1049 3205 1287 3255 frontis
1323 3202 1685 3254 honorem.“
1758 3203 2013 3255 Ammian.
2041 3202 2203 3250 Marc.
2239 3196 2391 3247 XIV.
2428 3198 2477 3256 9,

326 3296 355 3344 3
394 3308 606 3343 aurem
641 3307 732 3356 per
766 3290 1053 3343 aulaeum.“
1123 3289 1344 3339 Eumen.
1380 3305 1474 3354 pro
1512 3288 1693 3341 Schol.
1718 3291 1810 3339 21:
1846 3286 2161 3337 Britanniam
2188 3283 2476 3348 squalidum

327 3377 860 3443 caput-fluctibus
908 3374 1365 3428 exserentem.“
1437 3374 1623 3423 Avien.
1663 3374 1725 3424 O.
1764 3374 1838 3421 M.
1879 3373 2006 3423 5042
2077 3369 2246 3420 Juxta
2298 3382 2479 3433 super-

326 3466 446 3513 bum
481 3477 628 3513 mons
666 3476 813 3513 sacer
850 3466 1046 3524 caput
1084 3460 1342 3509 exserit
1379 3457 1466 3523 (D.
1505 3458 1567 3511 O.
1607 3461 1733 3511 528:
1770 3464 1959 3523 caput
1993 3454 2228 3504 inserit
2262 3452 2479 3504 astris.

328 3552 423 3600 Sil.
460 3547 583 3601 Vn.
629 3549 717 3598 19:
775 3546 984 3597 emerito
1021 3559 1220 3593 sacrum
1257 3551 1448 3609 caput
1482 3546 1693 3593 insere
1730 3542 1929 3595 coelo.
2006 3539 2138 3590 Stat.
2174 3538 2340 3588 Theb.
2377 3536 2475 3591 ΠΙ.

329 3638 452 3685 5502
489 3633 686 3682 coelo
724 3639 941 3681 mentem
977 3629 1400 3692 insertasse).
1471 3630 1564 3677 96:
1599 3627 1738 3677 sinus
1774 3652 1836 3663 —
1875 3628 1928 3675 in
1967 3638 2069 3688 quo
2102 3624 2301 3675 insulae
2338 3636 2482 3675 sese

330 3724 654 3769 exserunt
690 3715 1120 3781 Oestrymnides“.
1191 3713 1424 3763 Wernsd.
1461 3714 1566 3763 470
1601 3728 1653 3776 Ρ.
1681 3713 1811 3761 1245
1848 3710 1915 3761 cf.
1938 3710 2007 3763 D.
2029 3707 2091 3759 0.
2112 3710 2241 3759 702:
2277 3706 2479 3758 Thasos

329 3832 389 3841 -—
429 3804 724 3855 Proscrit
758 3800 954 3850 albenti
991 3814 1056 3850 se
1091 3798 1389 3849 vertice.“

465 3889 636 3939 Venio
671 3889 775 3952 jam
814 3889 878 3935 ad
918 3887 1199 3949 Prosper
1217 3900 1302 3932 um
1341 3882 1808 3947 Aquitanicum
1846 3882 1989 3931 Sem..
2023 3879 2166 3931 LXI.
2194 3881 2259 3929 10
2293 3878 2481 3943 p.643.

335 3980 408 4028 A:
465 3974 654 4037 „Quod
691 3974 846 4035 latet,
895 3980 1180 4021 exercet.-
1236 3971 1373 4033 quod
1411 3975 1638 4035 superat,
1672 3965 1925 4033 reparat“.
2000 3965 2102 4027 Qui
2138 3963 2203 4013 ab
2240 3964 2329 4012 illa
2365 3978 2479 4013 sen-

329 4062 493 4112 tentia
530 4042 772 4109 exorsus:
842 4040 1012 4118 ‚'‚miris
1067 4071 1272 4121 operum
1330 4054 1492 4118 signis
1547 4054 1832 4102 ostenditur
1869 4059 2046 4100 auctor
2080 4048 2481 4113 Rectoremque.

331 4162 475 4197 suum
513 4145 719 4195 condita
755 4156 990 4211 quaeque
1027 4140 1250 4189 canunt“
1308 4139 1508 4199 facere,
1569 4138 1610 4187 si
1651 4139 1772 4201 quid
1810 4152 1905 4201 ego
1943 4136 2114 4194 viden,
2150 4148 2257 4183 non
2292 4132 2476 4197 potuit,

333 4234 453 4298 quin
487 4232 564 4280 his
602 4230 919 4280 absolveret:
975 4226 1127 4305 Q.¹¹⁰d
1165 4226 1309 4285 latet,
1348 4232 1681 4273 exsertum
1719 4220 1857 4271 est’'
1911 4221 2017 4270 sive
2055 4220 2193 4284 quod
2231 4232 2328 4281 ego
2364 4232 2481 4281 per·

331 4318 496 4377 velim,
533 4314 879 4367 exsertat.“
950 4310 1149 4373 Quibus
1187 4311 1352 4359 verbis
1390 4308 1574 4358 similia
1609 4316 1729 4357 sunt
1764 4323 1877 4356 eum
1916 4307 2035 4365 alia,
2094 4319 2227 4368 quae
2281 4304 2335 4350 in
2373 4314 2479 4351 me-

332 4404 466 4452 dium
504 4400 677 4451 attulit
713 4399 1007 4451 Schefferus
1043 4396 1270 4447 Phaedr.
1307 4396 1348 4447 Ι.
1386 4397 1434 4457 6,
1470 4397 1502 4444 2
1540 4410 1590 4459 Ρ.
1627 4394 1713 4453 46,
1772 4399 1881 4441 tum
1940 4389 2175 4453 Paneg.
2239 4388 2317 4436 ad
2376 4384 2485 4433 Pis

621 4474 636 4483 ‘
1971 4476 2035 4525 19
