3234 4967
744 397 842 445 174
1598 393 1890 461 Conject.
1929 396 2026 447 IV.

740 571 955 615 mentem
996 564 1236 615 obvelare
1272 563 1389 615 ait.“
1448 564 1595 627 Quae
1631 573 1680 615 et
1716 568 1951 617 universa
1987 576 2040 617 et
2075 568 2273 633 singula
2307 568 2642 637 improbanda
2679 586 2788 637 esse
2819 588 2888 623 ex

739 650 815 712 iis,
855 637 989 713 quae
1028 666 1143 701 cum
1178 652 1243 700 de
1279 652 1491 701 vocibus
1530 652 1671 715 quis
1709 660 1760 701 et
1795 654 2110 717 praednxi
2161 662 2263 703 tum
2305 656 2368 705 de
2407 638 2613 706 vocibus
2649 672 2886 707 mersus

739 719 987 801 Apollo
1026 736 1405 801 disputavimus,
1444 738 1565 787 satis
1602 742 1841 802 apparet,‘
1870 752 1933 787 ne
1969 740 2091 803 quid
2127 740 2372 791 addamus
2407 741 2470 791 de
2506 741 2606 791 isto
2644 742 2764 791 solis
2801 758 2885 791 oc-

739 837 861 873 casu
900 829 950 869 et
982 821 1194 871 noctis
1237 821 1477 871 nubilis
1523 822 1686 886 deque
1738 822 1861 887 ipsis
1914 824 2122 875 vocibus
2177 841 2400 875 versus
2438 824 2684 893 Apollo
2739 829 2884 899 nullo

741 906 982 971 exemplo
1021 902 1214 971 (Burm.
1258 894 1499 971 Calpurn.
1540 892 1652 958 Ecl.
1689 906 1786 958 IV.
1828 910 1892 958 10
1927 924 1976 973 p.
2013 906 2142 974 921)
2179 910 2373 975 positis.

876 992 993 1042 Jam
1032 1006 1162 1055 quae
1200 992 1251 1041 in
1292 992 1469 1043 eodem
1506 992 1724 1042 carmine
1760 992 2006 1057 leguntur
2041 1010 2088 1045 v,
2129 998 2251 1047 118:

1594 1122 1779 1171 etenim
1816 1128 1866 1171 te
1904 1122 2106 1171 divite
2143 1124 2272 1173 ritu

1149 1206 1351 1255 Ponere
1387 1220 1672 1271 purpureos
1707 1195 1922 1257 infantia
1958 1208 2130 1272 adegit
2165 1209 2379 1259 amictus

1145 1290 1329 1355 Stirpis
1364 1285 1558 1340 honore
1597 1293 1742 1343 datos
1781 1300 1834 1343 et
1869 1292 2056 1343 nobile·
2075 1294 2296 1359 pectoris
2333 1310 2526 1355 aurum,

737 1435 799 1471 ea
832 1418 1064 1469 Kochius
1085 1416 1318 1482 Conject.
1338 1434 1390 1483 p.
1415 1420 1477 1469 16
1512 1422 1581 1469 ad
1621 1422 1752 1469 hanc
1776 1422 2025 1485 speciem:
2069 1430 2152 1485 „tu
2188 1422 2411 1471 limine
2447 1422 2686 1487 primo“
2728 1439 2882 1475 ausus

736 1512 813 1555 est
848 1506 1155 1567 detorquere
1194 1506 1370 1553 eadem
1406 1504 1638 1565 levitate,
1698 1520 1800 1569 qua
1835 1507 1888 1555 in
1925 1520 2124 1556 versum
2161 1509 2261 1558 277
2306 1523 2400 1572 pro
2436 1506 2729 1558 Aetnaea
2765 1510 2798 1560 J
2813 1526 2881 1559 u-

734 1606 893 1641 none
931 1588 1189 1655 (Dempst.
1212 1589 1499 1639 'Claudiam
1538 1591 1597 1639 R.
1638 1590 1786 1639 Pros.
1823 1590 1865 1640 Ι.
1903 1592 1934 1641 3
1969 1607 2018 1656 p.
2059 1589 2184 1657 539)
2222 1593 2389 1641 intulit
2424 1594 2750 1645 infernam
2785 1593 2880 1645 Ju-

704 1666 923 1725 'nonem
959 1676 1083 1739 quid
1118 1676 1173 1725 in
1208 1674 1431 1725 Senecae
1468 1674 1648 1745 tabula
1682 1675 1934 1737 facturus,
1984 1678 2027 1725 si
2063 1684 2236 1727 nosset
2269 1677 2440 1727 locum
2486 1678 2582 1743 ipsi
2619 1676 2881 1729 Gronovio

735 1760 901 1809 Diatr.
941 1774 993 1826 p.
1015 1761 1113 1810 583
1151 1760 1459 1825 incognitum
1497 1759 1650 1811 Herc.
1671 1759 1790 1812 Fur.
1811 1762 1938 1811 549:
1983 1762 2200 1825 „Vidisti
2238 1760 2501 1813 Siculae
2541 1778 2698 1829 regna
2722 1764 2876 1814 Pro·

736 1843 1105 1910 serpinae?“
1146 1844 1485 1900 Marklandus
1522 1857 1688 1895 autem
1719 1847 2124 1912 Duebnerusque
2149 1862 2178 1897 a
2202 1849 2370 1897 verbis
2407 1858 2650 1913 ponere
2687 1850 2878 1899 amic-

736 1939 841 1979 tus
866 1931 997 1980 adeo
1018 1928 1328 1991 laborarunt,
1354 1937 1411 1979 ut
1430 1945 1535 1979 non
1561 1932 1909 1995 perspicerent
1937 1930 2072 1981 hunc
2101 1948 2210 1982 esse
2241 1934 2602 1999 sententiarum
2625 1934 2879 1984 ordinem:

1005 2058 1124 2109 Non
1160 2059 1247 2107 tibi
1286 2058 1536 2108 deformes
1573 2059 1777 2109 obscuri
1813 2061 2074 2123 sanguinis
2111 2069 2248 2111 ortus

1004 2143 1111 2193 Nec
1147 2145 1257 2193 sine
1292 2144 1407 2193 luce
1442 2158 1617 2207 genus.
1691 2144 2082 2207 Quamquam
2119 2146 2323 2195 fortuna
2357 2155 2649 2210 parentum⁴

1002 2228 1209 2278 Arctior
1246 2228 1551 2293 expensis
1589 2241 1602 2279 z
1641 2230 1822 2277 etenim
1860 2238 1909 2278 te
1947 2231 2156 2279 divite
2192 2232 2322 2280 ritu

1002 2314 1305 2364 Promere
1339 2328 1627 2379 purpureos
1663 2310 1880 2363 infantia
1915 2316 2138 2379 adegit
2174 2317 2383 2367 amictus

1005 2396 1191 2463 Stirpis
1228 2399 1423 2449 honore
1459 2400 1607 2449 datos
1645 2408 1696 2449 et
1731 2400 1906 2449 nobile
1942 2402 2162 2465 pectoris
2199 2416 2377 2451 aurum

728 2528 835 2579 sive
873 2527 1189 2591 sequendum
1228 2527 1373 2577 ducis
1409 2527 1635 2577 codicem
1670 2526 2105 2592 Rehdigeranum,
2143 2529 2194 2577 in
2233 2543 2333 2592 quo
2369 2536 2446 2579 est
2481 2531 2722 2581 datum:

1029 2654 1149 2704 Pro
1162 2670 1297 2705 mere
1332 2669 1614 2721 purpureos
1649 2655 1867 2705 infantia
1905 2657 2075 2719 adegit
2111 2656 2339 2719 amictus,
2669 2726 2674 2730 ι

1034 2740 1217 2804 Stirpis
1255 2735 1453 2789 honore
1491 2742 1684 2789 datum
1722 2748 1816 2790 est
1853 2747 1916 2791 et
1951 2742 2122 2792 nobile
2159 2742 2385 2807 pectoris
2421 2744 2616 2795 aarum.

728 2869 845 2932 Quo
882 2869 1065 2929 ordine
1096 2868 1217 2933 quid
1254 2868 1590 2919 concinnius?
1628 2869 1894 2933 praeclare
1932 2870 2066 2919 enim
2102 2870 2234 2921 inter
2268 2886 2322 2921 se
2361 2872 2636 2921 concinunt
2670 2881 2721 2921 et
2754 2868 2876 2924 illa:

724 2955 1027 3021 expensis
1066 2954 1339 3004 arctior:
1376 2954 1575 3002 divite
1614 2954 1742 3003 ritu
1767 2954 1978 3005 infantia
2002 2957 2226 3021 adegit
2290 2964 2376 3020 „et
2400 2952 2556 3008 haec:
2592 2971 2873 3022 purpureos

725 3041 938 3091 amictus
974 3054 1204 3105 promere
1238 3038 1519 3087 infantia
1555 3039 1752 3102 adegit:
1800 3040 2038 3105 Stirpis
2075 3042 2320 3091 honore
2367 3044 2552 3107 datum„
2577 3049 2654 3092 est
2689 3049 2748 3091 et
2781 3024 2872 3093 no-

723 3126 826 3176 bile
865 3128 947 3189 (ut
983 3124 1133 3189 Prop.
1172 3124 1216 3175 Ι.
1240 3125 1319 3185 13,
1341 3126 1420 3174 31.
1459 3122 1627 3173 nand.
1665 3124 1816 3175 Tura.
1854 3124 1910 3175 11
1949 3142 1996 3191 p.
2025 3125 2150 3187 521)
2191 3128 2413 3191 pectoris
2451 3127 2681 3177 aurum.“
2740 3127 2874 3179 Ver-

723 3212 843 3261 bum
882 3210 1213 3276 promendi
1251 3210 1450 3273 quidem
1488 3207 1576 3271 (cf.
1598 3208 1740 3259 Cort.
1764 3210 1955 3260 Lucan.
1978 3212 2019 3261 I.
2047 3212 2146 3261 625
2184 3228 2234 3275 p.
2255 3196 2380 3275 163)
2419 3228 2654 3278 reparare
2680 3214 2869 3264 nullius

726 3296 820 3345 suit
856 3296 1063 3358 negotii.
1106 3294 1348 3359 Calpurn.
1386 3294 1501 3344 Ecl.
1540 3294 1607 3345 V.
1651 3296 1771 3347 103:
1809 3296 1974 3360 virgas
2015 3322 2074 3331 -—
2116 3296 2408 3357 Promere.
2449 3298 2608 3348 Dorv.
2646 3314 2871 3363 ponere.

724 3380 990 3431 Claudian.
1028 3380 1173 3429 Entr.
1212 3379 1282 3430 11.
1322 3380 1447 3430 390:
1485 3394 1764 3443 vocemque
1801 3382 2109 3445 expromit,
2151 3382 2358 3433 Oxonn.
2407 3384 2668 3448 exponit
2705 3383 2770 3434 cf.
2807 3384 2869 3433 R.

723 3466 865 3515 Pros.
903 3465 974 3515 11.
1015 3467 1113 3516 184
1148 3464 1365 3516 fracto:
1403 3465 1582 3518 facto,
1647 3466 1778 3515 Stat.
1820 3466 1943 3517 Silv.
1982 3466 2052 3518 11.
2097 3469 2140 3527 1,
2179 3468 2243 3518 65
2279 3464 2555 3517 intranti.
2613 3470 2779 3520 Rehd.
2817 3470 2868 3517 in

720 3550 901 3599 tanti.
939 3550 980 3603 Ι.
1017 3552 1065 3611 4,
1103 3552 1167 3601 76
1207 3548 1463 3600 Galatum
1511 3550 1609 3598 ira
1665 3548 1922 3613 (Conjcct.
1960 3552 2147 3615 XVD:
2186 3552 2437 3603 Galatia.
2473 3554 2514 3603 Ι.
2553 3556 2600 3614 6,
2643 3556 2702 3605 15
2747 3551 2868 3603 Im·-

720 3636 867 3685 bros
904 3632 1163 3699 (Conject.
1191 3635 1372 3697 XVIJ:
1411 3634 1595 3685 Ebos,
1637 3635 1828 3685 Lucan.
1851 3634 1948 3685 IX.
1969 3637 2069 3686 976
2105 3636 2336 3701 Phryx,
2375 3638 2591 3693 Vratisl.
2618 3640 2648 3689 5
2685 3638 2870 3690 Phirt.

718 3720 908 3785 Hygia.
946 3722 1013 3771 30
1047 3720 1279 3785 Phegia
1316 3718 1449 3783 (Sin.
1470 3720 1567 3770 IX.
1591 3722 1614 3769 1
1641 3719 1859 3785 p.186):
1898 3720 2064 3785 Phry
2081 3722 2180 3785 gia,
2219 3723 2333 3772 add.
2371 3738 2629 3773 crassus:
2668 3739 2868 3773 cassus

719 3804 1182 3869 Conject.XVIII.
1222 3802 1431 3855 Eutr.I.
1459 3806 1554 3855 145
1582 3813 1843 3856 traxere:
1881 3814 2090 3855 texere
2129 3806 2190 3857 cf.
2215 3808 2370 3857 Burm
2409 3824 2442 3873 p
2481 3810 2690 3873 281sq.,
2727 3810 2865 3857 unde

716 3890 977 3955 proficitur
1014 3891 1080 3939 ad
1119 3889 1439 3941 Ammiani
1474 3890 1707 3943 Marcell.
1745 3892 1894 3945 XIX.
1938 3894 1980 3952 7,
2021 3896 2048 3941 7
2086 3893 2280 3945 locum:
2339 3894 2666 3957 „elephantos
2704 3894 2866 3942 reti-

724 3989 875 4025 nere
914 3976 1136 4039 magistri
1174 3991 1278 4025 non
1314 3974 1579 4040 poterant“
1623 3974 1792 4038 (Flor.
1829 3992 2056 4027 reocre.
2097 3977 2274 4028 Tolos.
2313 3992 2546 4042 regere.
2585 3975 2730 4027 Colb.
2768 3992 2865 4027 re-

721 4068 873 4111 tere.
912 4060 1145 4111 Binsseld
1198 4061 1333 4111 Mus.
1370 4050 1533 4114 Rheu,
1571 4060 1801 4113 XX11,2
1840 4078 1888 4127 p.
1913 4062 2008 4115 311
2049 4061 2319 4125 reicere)
2355 4064 2428 4111 sic
2469 4064 2866 4113 emendandnmt

717 4144 1017 4211 elephantos
1066 4148 1408 4195 retrahere
1445 4143 1749 4212 (ret'·ere
1787 4146 1850 4199 cf.
1891 4145 2122 4209 Conject.
2156 4145 2344 4209 XIII);
2400 4162 2515 4195 nam
2571 4148 2868 4197 distraitur

714 4230 973 4281 invenitur
1008 4232 1061 4281 in
1098 4232 1348 4293 quadrato
1385 4230 1608 4280 Lucretii
1645 4232 1716 4281 ΙΙ.
1755 4234 1853 4281 827
1893 4231 1952 4282 cf.
1985 4232 2212 4296 Brieger.
2250 4231 2436 4282 Philol.
2457 4232 2631 4282 XXV.
2656 4235 2681 4281 1
2708 4249 2758 4296 p.
2782 4234 2863 4285 73.

716 4315 995 4364 traimur
1029 4316 1082 4368 in
1118 4314 1441 4364 Dorrilliano
1480 4315 1624 4379 Virg.
1662 4318 1797 4366 Aen.
1836 4318 1903 4367 ΙΙ.
1945 4318 2060 4367 725.
2099 4316 2327 4365 distrait
2369 4318 2422 4367 in
2459 4316 2719 4367 Vossiano
2763 4332 2864 4369 sec.

716 4398 925 4457 Quintil.
962 4400 1109 4453 Decl.
1148 4398 1300 4450 VIII.
1341 4402 1404 4450 14
1438 4416 1485 4465 p.
1528 4403 1627 4451 180
1659 4400 1766 4465 (cf.
1805 4401 1900 4451 VI.
1940 4404 1971 4452 9
2007 4418 2058 4467 p.
2099 4402 2196 4451 136
2242 4408 2526 4466 proterat.
2563 4402 2710 4451 Witt.
2745 4418 2864 4467 pro·
