3234 4967
1314 418 1567 475 Adnot.
1602 420 1695 473 53.
2502 420 2587 483 83

436 626 626 695 1030.
721 626 868 711 Quo
915 626 1126 715 posito
1176 649 1253 693 ac
1300 624 1586 693 stabilito
1622 624 1903 691 efficitur
1948 646 1991 691 a
2032 632 2232 712 poeta
2268 628 2409 715 jam
2456 626 2582 693 hoc

433 734 728 799 confesso
773 733 1151 801 inferiorem
1197 755 1428 801 vocem
1461 754 1719 797 omnem
1752 753 1895 797 esse
1928 740 2131 819 atque
2163 730 2333 797 adeo
2365 736 2583 800 omnia

433 840 640 907 verba
683 840 950 907 sordere
997 862 1078 906 ea
1117 842 1318 907 fuisse
1351 836 1598 923 addita,
1650 838 1733 905 ob
1784 860 1949 927 quae
1982 839 2215 905 merito
2248 838 2585 905 videretur

433 948 714 1030 „nimius
761 969 902 1013 esse
965 947 1326 1035 avidusque
1397 945 1641 1013 doloris
1710 954 1777 1009 et
1838 946 1907 1011 in
1975 936 2259 1011 lacrimis
2332 948 2579 1034 justum

437 1054 792 1119 excessisse
839 1052 1226 1141 pudorem.“
1287 1052 1527 1135 Qualia
1572 1060 1723 1117 sunt
1768 1051 1965 1118 haec:

1263 1186 1316 1231 tu
1355 1194 1438 1231 me
1475 1176 1703 1245 caligine
1742 1192 1973 1231 mersum

744 1260 960 1317 obruis.
1033 1262 1273 1331 Abjuro
1303 1263 1588 1331 justum,
1627 1264 1681 1315 si
1720 1264 1955 1317 funere
1994 1276 2161 1315 carae

755 1348 1009 1417 conjugis
1047 1350 1244 1403 invenit
1280 1356 1493 1403 caneret
1529 1348 1673 1419 quod
1710 1376 1779 1385 —
1815 1346 2085 1417 Orpheus,

617 1467 710 1534 Ut
753 1466 878 1533 hoc
911 1466 1088 1534 dicat
1117 1478 1341 1557 poeta:
1390 1469 1454 1535 si
1499 1467 1939 1556 perhibent
1995 1464 2234 1555 (Theb.
2285 1464 2377 1531 X.
2427 1462 2590 1552 366)

447 1571 782 1660 Orpheum
811 1583 880 1638 et
909 1572 1276 1662 Apollinem
1311 1572 1505 1639 simili
1535 1574 1891 1641 acerbitate
1924 1570 2337 1641 conflictatos
2368 1568 2589 1635 dulcia

449 1688 667 1746 tamen
713 1680 1000 1747 carmina
1041 1680 1322 1765 fudisse,
1393 1702 1518 1767 ego
1589 1680 1819 1769 abjuro
1888 1679 2037 1747 hoc
2106 1681 2405 1767 justum
2475 1675 2593 1764 (cf.

447 1785 675 1850 Heius.
743 1784 913 1851 Adv.
983 1785 1074 1853 lll.
1135 1786 1176 1852 9
1233 1811 1298 1875 p.
1345 1787 1498 1852 462.
1556 1785 1751 1853 Auct.
1804 1786 1867 1869 Q
1890 1785 2100 1851 uerul.
2174 1808 2279 1873 ap.
2366 1784 2593 1866 Heius·

448 1889 642 1957 Ovid.
690 1890 852 1957 Her.
899 1892 940 1959 l.
994 1891 1115 1957 101
1164 1916 1225 1981 p.
1279 1893 1392 1959 14:
1439 1892 1673 1959 Nonne
1704 1892 1829 1959 hoe
1864 1895 2115 1981 justum
2146 1892 2288 1976 fuit,
2334 1890 2597 1965 bustum

448 2006 520 2067 ut
567 1998 831 2065 efferret
877 1997 1092 2063 filius“
1141 2022 1217 2065 ac
1245 2000 1471 2065 Burm.
1520 1998 1669 2065 Val.
1716 1998 1938 2066 Flacc.
1984 1999 2069 2065 V.
2115 1998 2247 2063 499
2295 2020 2367 2087 p..
2408 1995 2597 2085 466.)

449 2102 544 2171 Ut
589 2114 688 2169 est
731 2106 802 2169 in
847 2104 1182 2171 Thebaide
1237 2104 1343 2171 Vl.
1411 2104 1565 2171 150:
1633 2106 1741 2171 En
1786 2128 1983 2193 quam
2042 2104 2245 2171 ferale
2292 2113 2597 2193 putemus

452 2208 572 2275 Ab
575 2212 848 2298 jurass
867 2232 902 2275 e
936 2234 1249 2277 sacrum
1281 2221 1350 2277 et
1377 2210 1611 2279 Lemni
1636 2209 1993 2298 gentilibus
2025 2232 2217 2277 unam
2240 2210 2605 2277 Immunem

456 2316 685 2381 furiis“
731 2325 798 2383 et
845 2316 1022 2406 apud
1063 2317 1439 2385 Ennodium
1483 2318 1661 2383 Dict.
1707 2316 2001 2383 XXVln.
2048 2340 2115 2405 p.
2161 2317 2313 2383 308.
2358 2315 2455 2381 D:
2514 2316 2607 2379 in-

455 2421 736 2489 domitus
780 2423 1062 2490 Veneris
1109 2446 1178 2488 se
1226 2424 1471 2489 semine
1518 2432 1769 2489 cretum
1819 2422 2045 2491 Jactat
2092 2432 2159 2489 et
2206 2422 2605 2512 abjurans

455 2526 782 2611 collaudat
813 2538 1160 2595 stemmata
1191 2530 1428 2596 divae“
1461 2538 1526 2595 et
1567 2530 1887 2597 Pacatum
1916 2529 2077 2595 Pan.
2111 2528 2358 2597 Theod.
2392 2528 2503 2612 41,
2539 2529 2605 2593 1:

454 2656 576 2699 nec
597 2644 671 2699 tu
703 2635 994 2703 debitam
1035 2636 1316 2722 gratiam
1353 2636 1657 2703 beneficii
1692 2636 2009 2703 infitiator
2044 2635 2413 2724 abjuras:
2452 2656 2605 2703 nam

455 2741 580 2807 etsi
596 2759 716 2828 per
741 2750 806 2806 te
833 2742 1189 2809 confeceris
1215 2764 1382 2831 quae
1407 2742 1697 2826 volebas,
1716 2764 1837 2831 per
1860 2742 2186 2809 fortunam
2208 2751 2431 2807 tamen
2455 2736 2606 2829 plus

381 2916 386 2922 ,
459 2845 896 2934 adeptus-es,
969 2870 1162 2936 quam
1229 2847 1520 2917 volebas·
1588 2848 1813 2917 Valer.
1882 2848 2155 2915 Maxim.
2223 2846 2355 2915 Vll.
2420 2847 2481 2931 7,
2528 2846 2605 2911 3:

457 2974 714 3019 summa
755 2974 904 3019 cum
947 2955 1292 3043 iniquitate
1323 2964 1671 3045 paternum
1715 2977 1957 3023 nomen
2000 2954 2608 3043 abjuraverat“:

459 3058 584 3127 hoc
634 3060 806 3125 enim
835 3067 1064 3126 tenent
1095 3059 1242 3127 cod.
1274 3061 1534 3131 Daniel.
1583 3071 1651 3129 et
1680 3063 1747 3146 ii,
1798 3084 1961 3151 quos
1991 3068 2270 3127 noverat
2298 3046 2617 3127 Barthius

461 3166 627 3235 Stat.
686 3164 730 3231 l.
781 3166 844 3233 d.
897 3168 1018 3233 151
1083 3190 1147 3256 p.
1195 3168 1362 3253 406,
1411 3192 1608 3257 quum
1656 3168 1894 3235 Venet.
1960 3166 2274 3257 praebeat
2329 3168 2615 3255 jurga-

461 3282 719 3342 verat.
810 3270 990 3344 Med.
1059 3274 1248 3363 prim.
1333 3284 1902 3362 arrogaverat.
1968 3273 2206 3363 reliqui
2276 3272 2615 3359 abroga-

459 3387 692 3448 verat
703 3428 755 3463 ‚.
792 3400 960 3469 quae
1029 3378 1343 3447 librorum
1413 3380 1853 3469 discrepantia
1920 3381 2015 3446 sic
2084 3388 2351 3449 enotata
2406 3377 2606 3448 fidem

459 3484 616 3551 facit
659 3484 850 3552 nobis
897 3486 1074 3574 apud
1115 3486 1530 3575 Hyginum
1577 3488 1709 3554 fab.
1762 3488 1885 3553 107
1906 3510 1921 3551 ε
1972 3509 2155 3553 arma
2196 3484 2477 3553 Achillis
2526 3522 2614 3535 —--

463 3591 812 3680 abjurgata
858 3601 1008 3659 sunt
1061 3593 1144 3659 ab
1174 3592 1724 3680 Agamemnone“
1756 3592 2067 3659 inlocum
2100 3592 2396 3659 ementiti
2427 3590 2615 3658 verbi

462 3696 588 3763 hoc
633 3696 1138 3785 sufficientibust
1203 3699 1596 3787 abrogata
1642 3705 1857 3766 sunt.“
1948 3700 2077 3767 Sed
2123 3700 2355 3788 Lupo
2402 3696 2647 3793 Epist.

464 3804 828 3875 CXXVH.:
875 3806 1108 3871 tussim
1169 3806 1448 3891 incurri,
1524 3829 1691 3896 quae
1749 3814 1999 3873 meatus
2056 3807 2400 3873 obstruens
2446 3824 2616 3893 peno

461 3919 666 3977 totam
695 3910 861 3977 mihi
885 3910 1180 4000 spirandi
1203 3911 1580 3979 facultatem
1615 3913 2134 3980 adiuvabat“
2166 3912 2262 3979 ab
2266 3909 2618 4000 jugabat

463 4018 681 4105 potius
727 4016 842 4107 (cf.
874 4018 1050 4083 Prie.
1097 4041 1202 4105 ap.
1241 4018 1550 4085 Oudend.
1597 4019 1795 4107 Apul.
1830 4020 1911 4085 de
1943 4020 2089 4085 Deo
2122 4019 2303 4085 Socr.
2333 4041 2399 4106 p.
2438 4016 2616 4106 152),

466 4144 660 4211 quam
707 4124 1130 4192 adnilabat
1201 4126 1490 4213 oportuit
1561 4126 1757 4193 reddi
1804 4149 1845 4191 a
1888 4125 2163 4193 Barthio
2208 4123 2385 4193 Adv.
2432 4120 2615 4189 XIX.

465 4230 506 4292 9
551 4252 617 4317 p.
665 4230 816 4300 949.
884 4232 1134 4299 Verum
1189 4252 1272 4297 ne
1336 4254 1586 4319 evager
1646 4232 1879 4317 latius,
1944 4231 2121 4299 idem
2166 4230 2341 4319 quod
2412 4230 2621 4295 Statio

464 4336 699 4403 vitium
759 4336 1026 4406 obvenit
1047 4338 1424 4407 Claudiano
1469 4338 1576 4405 Vl.
1631 4338 1828 4405 Cons.
1874 4339 2048 4406 Hon.
2113 4337 2251 4403 11οψ
2286 4336 2622 4423 abjurata.

469 4440 644 4509 Med.
701 4451 852 4509 tert.
907 4444 1224 4531 adjurata
1279 4442 1711 4533 similiterque
1744 4445 2067 4509 variatum
2100 4466 2242 4509 esse
2278 4438 2623 4509 scribendo

2156 4550 2214 4603 6*
