3234 4967
1187 420 1469 488 Co'nJect.
1506 418 1659 474 XIX.
2396 425 2493 476 267

375 594 534 657 Quem
587 595 757 646 locum
807 595 1077 661 insigniter
1128 601 1416 660 corruptum
1471 609 1581 647 esse
1641 593 1705 645 ab
1740 590 2084 656 Wakefieldo‚
2143 597 2229 662 qui
2287 596 2341 646 in
2374 595 2496 646 Eur.

373 681 492 734 Alc.
529 683 627 732 855
663 681 852 731 collato
887 697 1037 732 versu
1071 679 1171 735 111.
1208 682 1333 732 416:
1387 681 1635 750 nigroque
1670 681 1815 746 polos
1850 681 2065 732 involvit
2102 679 2315 733 amictu“
2350 681 2499 746 jussit

372 767 473 818 hoc
509 767 721 832 corrigi:
779 767 1047 817 investit
1081 765 1368 829 amictu“‚
1427 769 1537 831 quis
1597 773 1675 817 est
1732 767 1853 831 quin
1911 782 2003 832 pro
2060 773 2201 817 certo
2254 773 2400 832 putet
2434 767 2497 819 ab

375 852 588 903 Barthio
625 865 676 912 p.
713 854 810 903 873
847 853 946 908 hoc
983 853 1220 902 edoctust
1260 868 1434 903 omnes
1469 853 1705 904 meliores
1740 853 1856 903 libri
1892 854 2131 904 damnant
2164 847 2341 902 merito
2365 853 2499 902 hanc
2545 889 2549 894 2

376 940 596 1004 spuriam
632 939 924 1004 scripturam
961 933 1334 1004 legitimamque
1370 938 1643 989 restituunt
1678 935 1926 989 hiatu“?
1982 937 2140 1004 Cujus
2168 937 2390 1000 ejusdem
2426 937 2500 988 rei

375 1030 674 1088 argumento
712 1032 802 1086 est,
858 1025 996 1090 q‘uod
1031 1021 1444 1076 Scheftlariensis
1497 1025 1628 1075 liber
1662 1039 1839 1075 vocem
1884 1025 2119 1074 amictu
2155 1030 2295 1075 tenet
2328 1038 2499 1089 super·

377 1110 612 1174 scriptam
647 1110 880 1160 nimirum
919 1110 984 1160 ab
1023 1125 1102 1172 ec,
1141 1111 1228 1176 qui
1261 1112 1573 1178 glossemata
1607 1111 1725 1161 stilo
1762 1110 1992 1175 signavit.
2062 1109 2168 1160 Nec
2192 1125 2313 1161 vero
2337 1101 2501 1160 minus

375 1195 541 1260 liquet
577 1195 898 1260 (praesertim
936 1190 1321 1262 comparatione
1367 1197 1506 1246 facta
1539 1184 1734 1266 Achill.
1769 1191 1813 1250 Ι.
1853 1197 1945 1248 793
2002 1195 2254 1247 Invitat
2312 1209 2503 1244 curru

349 1281 626 1346 -dictisque
660 1281 732 1330 ita
767 1281 955 1330 mulcet
990 1278 1218 1346 amicis“)
1252 1269 1396 1332 ¹nullo
1419 1265 1584 1346 'pacto
1622 1281 1746 1330 stari
1780 1295 1959 1346 posse,
2020 1296 2121 1346 quo
2180 1280 2302 1330 satis
2362 1289 2509 1330 certo

378 1365 473 1414 sibi
513 1373 646 1416 stare
685 1380 860 1416 omnes
895 1367 1145 1426 videntur,
1180 1367 1340 1431 ipsius
1375 1351 1573 1416 B‘ar‘thii
1601 1365 1825 1430 judicio:
1888 1367 2069 1430 „quod
2110 1367 2379 1416 invitari
2416 1381 2504 1429 pa·

379 1451 566 1526 tiantur
617 1466 672 1501 se
727 1467 758 1500 a
809 1455 973 1502 morte
1028 1453 1080 1500 in
1130 1449 1298 1501 hiatus
1346 1449 1484 1515 ejus,
1539 1451 1602 1500 ad
1640 1453 1909 1502 amentiam
1944 1451 2203 1502 hominum
2239 1445 2500 1515 pertinet'.“

380 1534 521 1598 Quid
555 1537 742 1600 igitur?
811 1529 1182 1588 Wakefieldine
1207 1537 1503 1604 sententiam
1535 1535 1879 1600 judicabimur
1900 1532 2161 1588 meliorem
2198 1537 2268 1587 sic
2307 1535 2505 1597 fecisse,

380 1623 426 1671 si
461 1619 566 1672 fere
599 1622 732 1672 idem
767 1622 849 1672 hic
887 1623 986 1672 dici
1021 1622 1354 1674 'statuerimus
1409 1629 1560 1686 atque
1595 1637 1628 1672 a
1664 1618 1948 1672 Claudiano
2000 1621 2062 1674 R.
2099 1623 2242 1672 Pros.
2279 1620 2376 1676 111.
2416 1625 2506 1674 87:

379 1695 488 1758 nox
523 1708 786 1758 oculorum
821 1707 1067 1758 infecerat
1122 1709 1265 1772 ignes
1301 1734 1364 1744 —
1403 1723 1508 1758 non
1565 1721 1773 1759 cessura
1828 1706 2021 1772 pruinis
2057 1707 2291 1758 Membra
2326 1708 2507 1759 colo-

381 1800 608 1842 rantur
658 1793 790 1858 picei
827 1794 1048 1859 caligine
1085 1789 1259 1858 regni“
1322 1791 1544 1858 fretique
1597 1799 1648 1842 et
1698 1785 1998 1858 quaestione
2050 1794 2223 1843 adnot.
2258 1793 2439 1857 Eclog.
2476 1796 2506 1842 2

381 1890 430 1939 p.
470 1881 532 1928 12
589 1887 640 1929 et
687 1876 918 1943 ConJect.
954 1878 1103 1930 XVI.
1157 1879 1394 1930 instituta
1447 1884 1499 1928 et
1549 1879 1778 1929 codicum
1830 1879 1927 1928 hac
1979 1879 2293 1930 diversitate:
2362 1877 2549 1944 Virg..

385 1963 571 2029 Georg.
633 1965 733 2016 389
792 1949 1075 2016 infuscat
1132 1963 1336 2016 vellera.
1408 1965 1614 2030 Menag.
1677 1963 1927 2016 inficiet
1962 1961 2047 2028 (cf.
2082 1963 2275 2014 Lucan.
2310 1963 2406 2014 IV.
2444 1965 2509 2015 66

383 2047 554 2104 Guelf.
591 2052 646 2100 3:
683 2051 815 2100 coeli
850 2049 1084 2102 fiscator
1116 2048 1242 2113 Eoi)
1279 2057 1330 2099 et
1353 2049 1522 2100 Plaut.
1549 2048 1675 2101 Cist.
1699 2049 1743 2098 1.
1782 2052 1829 2111 1,
1867 2051 1929 2098 21
1970 2043 2120 2113 (Dac.
2145 2049 2283 2100 Fest.
2306 2064 2357 2114 p.
2384 2048 2531 2110 554),

383 2135 698 2187 infucabat:
731 2136 1058 2186 infuscabat.
1129 2133 1272 2186 Ovid.
1315 2134 1468 2192 Trist‚
1506 2135 1576 2186 11.
1596 2136 1713 2186 486.
1774 2135 1969 2188 Lucan.
1995 2134 2060 2188 X.
2091 2135 2203 2184 137.
2242 2132 2509 2184 claudian.

383 2219 446 2270 R.
483 2221 632 2272 Pros.
668 2220 738 2274 ΙΙ.
777 2222 870 2272 96:
903 2217 1184 2271 fucantur:
1219 2219 1534 2273 fuscantur.
1603 2220 1781 2291 Heius.
1818 2220 1903 2271 Pr.
1941 2218 2095 2271 Cous.
2134 2219 2249 2271 Stil.
2302 2218 2375 2272 11.
2414 2221 2511 2271 135

382 2321 433 2372 p.
471 2305 570 2357 386
605 2307 741 2357 hanc
776 2307 1023 2358 scribendi
1058 2307 1304 2356 rationem
1342 2306 1681 2357 edixerimus:
1741 2306 1994 2372 nigroque
2052 2305 2190 2356 viros
2225 2303 2515 2356 infuscat

381 2392 526 2442 hiatu
539 2391 596 2442 ?“
632 2391 791 2443 Recte
813 2391 1014 2442 enimin
1031 2391 1128 2442 hae
1148 2393 1396 2442 sententia
1412 2393 1534 2460 poni
1553 2391 1743 2450 hiatu
1758 2407 1806 2440 m
1827 2391 1981 2441 docet
1998 2387 2320 2458 ipsetStatius
2345 2391 2511 2444 Theb.

383 2475 479 2528 VI.
521 2478 643 2529 873:
699 2493 804 2528 non
836 2478 1034 2542 integer
1068 2477 1156 2527 ille
1189 2465 1667 2529 Flatibus'alternis
1702 2491 1957 2541 aegroque
1994 2473 2182 2527 effetus
2218 2477 2401 2528 hiatu
2460 2463 2538 2526 et'

381 2559 426 2616 1.
446 2564 544 2614 352
564 2560 761 2626 (Sidon.
782 2562 884 2628 Ap.
903 2562 974 2618 ΙΙ.
990 2561 1106 2627 48)ι
1127 2563 1262 2614 sicco
1285 2577 1413 2628 quos
1437 2577 1586 2628 asper
1601 2561 1790 2612 hiatu
1811 2561 2097 2613 Persolidat
2116 2563 2363 2615 Boreas.“
2394 2561 2515 2615 Vet.

387 2647 560 2698 Schol.
579 2664 628 2714 p.
651 2651 773 2702 120:
803 2647 969 2698 flatu
987 2663 1169 2712 aspero
1189 2643 1456 2712 congelat“
1475 2646 1566 2712 (cf.
1589 2647 1855 2700 Claudian.
1875 2646 1993 2698 Rus.
2012 2645 2053 2698 1.
2076 2649 2168 2699 63:
2200 2648 2317 2699 Jam
2343 2648 2515 2698 flatu

384 2733 575 2783 violare
603 2732 810 2798 diem“).
863 2729 1041 2784 Barth.
1079 2733 1202 2784 Silv.
1236 2730 1310 2783 ΙΙ.
1351 2737 1394 2793 1,
1431 2735 1528 2784 215
1560 2749 1610 2797 p.
1641 2732 1777 2798 197),
1804 2734 1889 2800 qui
1912 2733 2015 2783 loci
2038 2747 2141 2782 non
2164 2734 2353 2798 cogniti
2378 2732 2516 2784 fece-

385 2825 522 2879 runt,
544 2828 601 2869 ut
617 2819 966 2870 Wakefieldus
989 2819 1042 2869 id
1065 2819 1394 2882 conjectaret,
1421 2819 1562 2882 quod
1585 2827 1722 2868 esset
1745 2805 1924 2869 veihis
1946 2819 2194 2871 deterius:
2218 2818 2350 2870 infe
2364 2827 2517 2880 stat,

386 2904 665 2956 incestat
703 2903 789 2970 (cf.
829 2903 1096 2955 Claudian.
1133 2903 1283 2953 Mau.
1313 2895 1522 2954 Themi.
1561 2905 1676 2958 267.
1712 2904 1777 2954 Β..
1814 2904 1959 2954 Pros.
1995 2902 2067 2956 11.
2105 2902 2241 2968 217),
2277 2905 2521 2954 invadit

387 2989 554 3055 (Cort.
591 2991 715 3042 Luc.
752 2992 794 3041 Ι.
833 2992 930 3040 241
966 3005 1017 3054 p.
1039 2991 1120 3040 74.
1157 2988 1248 3040 Sil.
1267 2988 1364 3060 IX.
1390 2990 1516 3040 144:
1554 2989 1825 3041 Invadit
1858 2991 1965 3040 nati
2001 2989 2347 3040 tremebundis
2384 2990 2519 3040 colla

383 3058 640 3128 lacertisf‘
703 3075 774 3127 ΙΙ.
814 3077 938 3127 68οτ
974 3075 1203 3126 flammas
1237 3075 1492 3152 invadit
1525 3073 1751 3138 hiatu“).
1809 3073 1923 3126 'Sed
1957 3075 2088 3126 haec
2124 3081 2176 3124 et
2209 3074 2333 3125 talia
2355 3074 2520 3124 moliri

387 3177 752 3227 supervacuum
791 3171 884 3214 est.
954 3160 1087 3211 Nam
1123 3176 1299 3211 verum
1336 3160 1545 3213 eruendi
1583 3161 1783 3225 copiam
1818 3161 1944 3212 facit
1976 3161 2140 3226 ipsum
2176 3160 2322 3223 illud,
2384 3159 2519 3224 quod

388 3246 442 3294 in
475 3247 775 3298 Monacensi
809 3248 1001 3312 reperi:
1053 3254 1278 3308 mutat,
1333 3246 1472 3312 quod
1508 3253 1765 3296 corrector
1818 3246 1916 3296 hoc
1952 3245 2517 3317 modobperpoliendum

389 3331 608 3395 putavit:
663 3337 1068 3400 transmutat.
1143 3327 1274 3394 Quis
1329 3333 1457 3382 enim
1510 3339 1664 3396 neget
1700 3329 1899 3381 sublato
1928 3331 2031 3393 jam
2068 3330 2191 3380 vitio
2230 3339 2283 3382 et
2316 3345 2397 3395 eo,
2457 3332 2520 3379 de

391 3431 490 3480 quo
518 3414 894 3479 Conject.VII.
932 3416 1188 3483 copiosius
1221 3417 1564 3479 disseruimus,
1602 3417 1777 3478 etillo,
1816 3415 2171 3481 quodinfrain
2190 3416 2521 3481 disceptando

389 3517 538 3552 versu
556 3499 680 3552 Silv.
716 3501 812 3557 IV.
851 3505 899 3564 8,
939 3503 969 3552 6
1005 3501 1366 3567 patefaciemus
1402 3499 1577 3566 (viros
1613 3501 1838 3553 invitat:
1876 3501 2011 3554 viris
2046 3499 2371 3566 sinmittit),
2407 3515 2519 3566 per-

389 3587 601 3651 plexum
635 3587 800 3638 locum
839 3588 991 3653 plane
1028 3594 1078 3637 et
1113 3589 1380 3658 perspicue
1416 3589 1672 3654 expediri:

1097 3717 1350 3783 nigroque
1387 3717 1524 3768 viris
1561 3731 1627 3767 se
1662 3715 1935 3766 immittit
1970 3715 2109 3766 hiatu
2152 3756 2155 3761 .

796 3801 886 3854 Nil
919 3801 1132 3867 vulgare
1167 3803 1384 3868 legens?

394 3931 545 3994 Quod
586 3933 784 3996 quidem
822 3939 1064 3982 secretum
1101 3938 1152 3981 et
1187 3939 1331 3982 extra
1367 3927 1630 3996 vulgarem
1682 3945 1829 3982 usum
1880 3931 2102 3996 positum
2152 3937 2229 3981 est
2262 3945 2323 3980 ac
2358 3929 2525 3982 Statio

395 4019 752 4083 dignissimum.
824 4017 1140 4068 Documento
1185 4029 1262 4068 est
1295 4016 1457 4067 Theb.
1493 4015 1563 4066 X.
1601 4017 1727 4078 673:
1788 4018 1883 4066 dea
1919 4043 1981 4052 —
2019 4018 2207 4082 magna
2241 4019 2527 4066 cunctantis

394 4111 607 4168 pectora
641 4105 823 4153 dextra
852 4103 1132 4153 vPermulsit
1165 4101 1319 4152 tacite
1356 4117 1611 4169 seseque
1647 4104 1703 4152 in
1738 4103 1891 4152 corde
1928 4102 2244 4165 reliquit“
2292 4111 2341 4152 et
2378 4117 2527 4167 quem

391 4188 634 4240 Barthius
671 4202 719 4249 p.
763 4189 888 4239 1231
927 4189 1108 4250 omisit,
1147 4187 1295 4238 Ovid.
1333 4187 1462 4238 Met.
1497 4188 1652 4240 VIII.
1693 4189 1819 4238 819:
1879 4182 2067 4236 Fames
2103 4213 2167 4224 --
2206 4187 2424 4238 solutum
2464 4213 2526 4223 --

395 4274 608 4340 geminis
645 4275 966 4340 amplectitur
1002 4275 1096 4324 alis
1133 4272 1322 4339 Seque
1359 4275 1496 4325 viro
1533 4274 1845 4340 inspirat“
1884 4271 1974 4337 (cf.
2011 4271 2188 4328 Barth.
2226 4273 2393 4324 Theb.
2428 4272 2526 4322 IV.

393 4361 493 4410 190
511 4371 560 4420 p,
588 4358 730 4424 967).
803 4359 953 4421 Quod
979 4375 1074 4425 pro
1113 4360 1380 4426 explorato
1417 4360 1580 4420 attuli,
1614 4357 1799 4410 fefellit
1834 4359 1982 4408 etiam
2021 4360 2317 4426 scriptorem
2335 4359 2527 4422 Paneg.

392 4445 610 4510 Bereng.
651 4445 718 4498 11.
761 4443 857 4496 132
895 4443 987 4508 (cs.
1025 4443 1152 4497 Stat.
1190 4463 1238 4497 v.
1276 4445 1428 4510 385);
1499 4447 1645 4498 Mors
1684 4474 1744 4486 --
1784 4446 2028 4510 Campum
2067 4445 2233 4510 operit
2284 4444 2528 4508 nigroque

1363 4543 1398 4574 α
2021 4533 2083 4580 18
