3234 4967
1237 409 1528 476 Conject.
1563 409 1715 461 XIX.
2438 412 2541 462 265

420 582 696 634 disserit
731 579 982 633 vitam.“
1049 580 1226 633 Barth.
1287 578 1558 633 claudian.
1617 578 1732 632 Stil.
1790 577 1887 631 ΠΤ.
1942 580 2043 631 455
2090 594 2141 645 p.
2176 580 2295 633 339.
2364 579 2560 648 Wopk.

421 664 632 734 Septim.
669 666 730 718 B.
767 667 910 731 Troj.
947 668 990 719 1.
1028 668 1059 717 3
1095 682 1146 732 p.
1183 667 1234 717 3.
1305 664 1439 717 Oud.
1491 664 1651 730 Apul.
1702 664 1830 737 Met.
1868 663 1993 718 vn.
2041 681 2091 729 p.
2129 664 2249 720 451.
2319 666 2563 717 Buenem.

421 753 661 805 Laetant.
697 752 740 802 Ι.
780 754 827 813 1,
865 755 930 803 10
965 768 1015 817 p.
1052 753 1102 803 6.
1171 750 1246 801 Ut
1276 751 1551 800 Ammiano
1589 747 1847 813 (enxw,
1887 750 1967 809 11,
1991 748 2084 813 25)
2117 750 2211 799 illa
2244 750 2422 801 clades
2455 751 2565 802 visa

421 839 490 889 sit
541 838 718 888 merito
771 836 948 886 referri
1006 836 1139 885 inter
1195 830 1584 905 τραγῳδούμενα
1643 834 1797 889 Diod.
1852 832 2004 885 XIV.
2064 849 2115 897 p.
2176 835 2292 895 659,
2327 836 2421 890 43;
2495 832 2565 889 εἰς

421 918 724 990 ἀπομίμημα
757 922 849 990 τῆς
882 916 1098 975 παλαιᾶς
1135 915 1320 986 ἐκείνης
1354 917 1440 969 καὶ
1475 915 1887 986 τραγῳδουμένης
1920 918 2011 984 τῆς
2044 914 2159 986 περὶ
2192 914 2278 967 τὸν
2296 911 2565 969 Ἐτεοκλέα

421 1004 508 1057 καὶ
545 1000 847 1073 Πολυνείκην
881 1001 1081 1072 τόλμης.
1155 1004 1372 1066 Quintil.
1423 1004 1572 1055 Decl.
1610 1004 1709 1073 IX..
1749 1007 1810 1055 18
1847 1020 1897 1069 p.
1934 1006 2059 1055 207:
2112 1005 2405 1071 compositis
2442 1018 2565 1068 quo-

423 1106 528 1157 que
562 1091 752 1141 fabulis
785 1091 1056 1141 ulteriores
1092 1090 1431 1142 inimicitiae.“
1500 1090 1725 1155 «Ioseph.
1760 1090 1859 1140 Isc.
1897 1089 1995 1140 VI.
2035 1090 2160 1141 7611
2216 1104 2324 1139 nox
2358 1112 2425 1124 -—
2462 1095 2566 1138 tra-

425 1175 556 1239 gicis
617 1176 866 1226 ululanda
923 1176 1245 1225 cothurnis.“
1314 1175 1528 1225 Bossch.
1574 1174 1733 1238 Apul.
1784 1172 1939 1238 Apol.
1987 1190 2037 1239 p.
2074 1174 2190 1225 426.
2260 1172 2445 1223 Matth.
2480 1171 2567 1225 JO.

427 1257 691 1325 chrysost.
747 1260 908 1310 Hom.
961 1260 1004 1311 1.
1040 1276 1091 1325 p.
1129 1261 1192 1309 21
1248 1266 1354 1309 not.
1392 1260 1474 1311 55.
1544 1257 1752 1309 Peerlk.
1804 1258 1939 1309 Xen.
1994 1256 2182 1323 Ephes.
2217 1272 2267 1321 p.
2304 1258 2422 1319 257,
2482 1258 2569 1321 qui

426 1345 631 1409 quidem
667 1336 734 1395 de
752 1344 1034 1409 Virgilii
1071 1344 1238 1393 verbis
1271 1343 1368 1394 IV.
1404 1344 1504 1395 471
1543 1342 1792 1404 „scenis
1830 1342 2111 1407 agitatus
2138 1339 2376 1392 Orestes“
2412 1342 2571 1391 multa

427 1436 799 1481 commentatus
834 1445 884 1495 p.
924 1430 1022 1479 269
1059 1444 1138 1493 sq.
1189 1428 1454 1494 praeteriit
1490 1427 1793 1479 Philostrati
1846 1426 2138 1491 exemplum
2192 1426 2569 1493 comparatione

426 1514 584 1579 longe
637 1514 985 1579 dignissimum
1021 1514 1131 1565 Vit.
1168 1513 1348 1579 Apoll.
1401 1512 1501 1563 111.
1538 1515 1621 1573 25,
1660 1514 1758 1563 116
1812 1529 1860 1577 p.
1899 1514 1980 1573 54,
2019 1515 2109 1563 18:
2177 1507 2261 1560 τὸν
2314 1504 2570 1560 Τάνταλον

428 1624 495 1635 -—
533 1594 630 1649 ὕπὸ
680 1602 802 1649 τῶν
855 1602 1134 1666 ποιητῶν
1187 1593 1570 1649 ἐλαύνεσθαι
1625 1606 1677 1647 et
1732 1610 1863 1661 quae
1898 1597 2085 1648 omisso
2123 1596 2359 1647 Ausonio
2396 1596 2571 1661 Epigr.

431 1685 513 1744 74,
548 1685 582 1733 4
616 1683 806 1747 adjecit
839 1683 1132 1735 Lobeckius
1166 1684 1426 1749 Aglaoph.
1464 1700 1514 1750 p.
1537 1684 1637 1735 569
1672 1689 1775 1733 not.
1812 1696 1874 1733 m.
1913 1678 2393 1747 cf.Wytt.Plut.S.
2416 1680 2479 1731 N.
2500 1680 2571 1733 V.

430 1783 481 1832 p.
519 1769 600 1819 35.
670 1767 888 1835 Niceph,
929 1769 1082 1834 Greg.
1118 1768 1270 1819 XIV.
1310 1772 1340 1818 7
1375 1786 1426 1835 p.
1464 1771 1580 1830 718,
1622 1770 1711 1820 192
1764 1763 1809 1817 οἱ
1844 1764 1896 1818 ἐν
1931 1770 2034 1822 τοῖς
2068 1762 2306 1835 δράμασιν
2341 1759 2572 1831 Ὀρέσται

429 1850 516 1902 καὶ
553 1845 790 1903 Πυλάὸαι.
863 1855 1105 1920 Pachyni.
1145 1856 1211 1904 de
1245 1854 1405 1908 Mich.
1443 1854 1556 1905 Pal.
1591 1853 1693 1907 111.
1728 1869 1781 1919 Ρ.
1821 1856 1933 1914 189,
1972 1856 2020 1905 9.

567 1937 679 1989 Nec
714 1940 777 1989 de
811 1938 904 1989 illo
942 1940 1280 1991 Lactantii
1315 1939 1432 1990 loco
1470 1939 1743 2005 quisquam
1779 1939 1950 1989 adhuc
1991 1938 2241 2002 qnaesivit
2286 1940 2379 1987 aut
2414 1951 2572 2004 expe-

432 2024 574 2087 divit,
612 2024 700 2088 qni
736 2024 924 2088 legitur
956 2019 1056 2095 IY.
1093 2026 1192 2073 811
1231 2024 1286 2073 in
1321 2023 1461 2074 hunc
1495 2025 1732 2077 modumt
1766 2023 1841 2073 In
1875 2022 2210 2086 curribus.)
2282 2023 2403 2074 Pro
2438 2038 2572 2073 cum

433 2109 730 2159 curribus
772 2108 1104 2174 impliciti,
1150 2116 1209 2157 ut
1244 2108 1522 2158 biberent.“
1596 2107 1761 2169 Quem
1808 2108 1977 2159 locum
2021 2109 2205 2173 insigni
2249 2105 2575 2158 librariorum

432 2193 656 2243 facinore
691 2194 1019 2257 depravatum
1056 2193 1328 2257 multisque
1363 2193 1564 2243 damnis
1597 2203 1829 2258 carptum
1882 2194 2088 2257 singula
2121 2194 2279 2243 verba
2330 2200 2577 2257 arguunt3

433 2292 552 2328 nam
587 2292 682 2327 nec
715 2278 1022 2344 impliciti
1057 2284 1196 2327 recte
1229 2278 1467 2339 dicuntur
1499 2278 1658 2328 boves
1693 2284 1747 2329 et
1783 2278 1921 2340 equi,
1978 2278 2066 2341 qui
2101 2278 2173 2328 ad
2206 2292 2382 2327 currus
2410 2276 2575 2339 juncti

434 2370 568 2425 sunt,
603 2369 694 2412 aut
727 2364 882 2413 verba
916 2377 1048 2413 cum
1084 2363 1382 2413 curribus
1417 2369 1471 2411 et
1503 2362 1805 2427 impliciti
1862 2362 1987 2413 satis
2023 2362 2159 2412 inter
2202 2376 2255 2413 se
2290 2368 2577 2425 congruunt

433 2463 530 2499 nec
563 2448 682 2498 voci
734 2463 847 2514 pro
899 2449 1000 2511 sic,
1047 2454 1109 2498 ut
1142 2445 1420 2511 videmus,
1454 2448 1657 2513 positae
1710 2447 1980 2513 perspicua
2015 2454 2215 2498 constat
2248 2447 2394 2501 ratio.
2463 2444 2575 2497 Nec

434 2534 752 2585 turbatamm
788 2548 956 2583 rerum
991 2546 1097 2583 non
1133 2540 1211 2584 est
1243 2539 1547 2597 argumento
1583 2533 1699 2583 libri
1733 2533 1786 2582 A
1800 2567 1815 2592 ‚
1849 2532 1903 2581 in
1938 2546 2043 2595 quo
2081 2538 2250 2583 extat:
2307 2546 2405 2596 pro
2456 2544 2576 2581 cum

435 2634 597 2669 curru
611 2634 636 2670 s
672 2617 933 2684 impliciti“
967 2618 1251 2669 diversitas.
1323 2618 1407 2667 De
1445 2630 1548 2681 qua
1579 2632 1635 2667 re
1670 2612 2025 2667 existimaturo
2059 2618 2192 2667 illud
2236 2615 2574 2682 praefulcien·

435 2704 556 2753 dum
591 2711 745 2769 atque
779 2703 1229 2769 praemuniendum
1266 2710 1370 2764 est,
1429 2710 1488 2753 ut
1543 2702 1703 2767 ipsius
1738 2702 1890 2755 Statii
1946 2703 2203 2754 sententia
2258 2698 2482 2752 diluceat
2524 2706 2579 2750 et

433 2796 634 2854 pateat.-
691 2788 856 2850 Quem
891 2789 998 2841 his:

1147 2914 1350 2967 frenata
1383 2916 1487 2967 suis
1521 2916 1575 2966 in
1609 2916 1908 2966 curribus
1944 2916 2141 2969 intrant

843 3000 1095 3051 Armenta
1131 3007 1182 3051 et
1215 3002 1354 3066 pleni
1389 3002 1602 3053 dominis
1640 3003 1896 3067 armisque
1937 3000 2171 3053 feruntur

844 3086 1221 3153 Quadrupedes

435 3215 652 3281 primum
687 3214 752 3265 de
779 3213 1018 3278 jumentis
1051 3216 1288 3282 plaustra
1322 3210 1667 3275 trahentibus,
1721 3214 1905 3265 deiude
1948 3216 2013 3265 de
2057 3214 2394 3266 bellatoribus
2430 3213 2576 3279 equis

436 3313 864 3351 commemorasse
897 3302 1028 3352 vidit
1061 3301 1327 3354 Barthius.
1396 3300 1535 3362 Quid
1568 3301 1725 3351 vero?
1785 3300 2021 3360 placetne
2074 3300 2171 3351 illa
2205 3300 2454 3351 orationis
2490 3307 2579 3351 aut

435 3384 774 3437 redundantia
808 3393 898 3436 aut
937 3386 1253 3437 insolentia?
1326 3386 1487 3448 Quasi
1537 3401 1643 3437 non
1695 3386 1914 3450 liqueat,
1974 3400 2109 3459 qnae
2162 3386 2228 3436 in
2278 3386 2580 3435 curribus

439 3472 543 3523 sint
575 3479 825 3534 armenta,
863 3485 927 3522 ea
960 3469 1227 3523 frenata
1264 3486 1391 3536 esse,
1447 3472 1758 3524 commodius
1795 3477 1963 3521 autem
2000 3472 2100 3521 dici
2136 3485 2274 3521 cum
2308 3469 2579 3522 curribus

437 3557 645 3618 intrare,
682 3571 834 3621 quam
868 3557 931 3606 in
965 3557 1286 3609 curribus.
1359 3556 1509 3619 Quae
1545 3564 1717 3608 autem
1752 3556 1931 3609 harum
1966 3571 2150 3608 vocum
2184 3556 2393 3607 inertia:
2449 3570 2583 3607 cum

441 3641 737 3692 curribus
769 3641 1070 3693 intrant“
1105 3645 1407 3709 praesertim
1442 3658 1558 3694 cnm
1593 3643 1696 3693 illis
1732 3648 2166 3708 comparaturum:
2202 3642 2343 3708 pleni
2363 3637 2584 3692 dominis

442 3725 698 3789 armisque
731 3727 1032 3779 feruntur
1065 3728 1506 3796 Quadrupedes“?
1543 3742 1671 3795 quas
1706 3742 1857 3781 voces
1892 3730 2073 3796 siquis
2098 3729 2297 3796 probat,
2330 3742 2436 3777 non
2460 3742 2584 3778 sane

441 3810 675 3876 intelligo
713 3826 805 3863 cur
837 3827 943 3863 non
977 3814 1116 3865 idem
1151 3823 1318 3866 sumat
1351 3814 1707 3881 defendatque,
1741 3815 1793 3865 id
1832 3816 1971 3881 quod
1995 3816 2151 3880 longe
2171 3813 2585 3865 absurdissimum

443 3904 542 3948 est:
571 3896 832 3961 jumenta,
872 3914 1004 3964 quae
1042 3900 1306 3952 frenata
1341 3902 1701 3961 intrarent,
1752 3901 2037 3965 regentium
2072 3900 2299 3966 imperiis
2335 3892 2583 3966 paruisse,

443 3988 623 4033 contra
655 3983 926 4035 bellatores
961 3998 1122 4049 equos
1156 4000 1212 4037 se
1247 3986 1561 4053 proripuisse
1596 3986 1683 4036 vel
1716 3986 1885 4057 invitis
1920 3986 2175 4037 dominis?
2225 3984 2365 4048 Quid
2396 3986 2586 4051 plura?

448 4069 667 4133 emergit
694 4068 802 4133 jam
839 4070 920 4132 id,
981 4072 1117 4136 quod
1153 4085 1306 4123 nemo
1341 4072 1510 4123 adbuc
1545 4080 1847 4136 assequutus
1902 4079 2001 4131 est,
2058 4066 2193 4122 hanc
2229 4088 2262 4122 a
2295 4070 2460 4122 Statio
2496 4086 2587 4121 ex·

442 4161 734 4219 promptam
770 4168 880 4205 esse
904 4156 1236 4207 sententiam:
1265 4157 1500 4222 jumenta
1536 4158 1819 4223 quamvis
1852 4156 2112 4207 frenata
2147 4165 2317 4207 tamen
2352 4162 2591 4221 suopte

442 4238 669 4303 ipsorum
727 4240 974 4307 impetu
1033 4256 1192 4306 aquas
1253 4244 1470 4293 intrasse
1543 4242 1979 4306 „festinantia
2049 4254 2146 4293 nec
2216 4241 2587 4303 exspectantia,

443 4324 605 4375 donec
655 4323 806 4376 frena
855 4327 930 4377 ori
981 4328 1324 4379 eximerentur
1376 4335 1465 4378 ant
1515 4342 1693 4379 currus
1744 4327 2139 4394 abjugarentnr“
2200 4326 2345 4392 (Vet.
2400 4324 2587 4376 Sebol.

443 4413 542 4461 811
579 4428 628 4478 p.
669 4414 819 4465 1296.
855 4412 920 4463 cf.
957 4408 1162 4479 coripp,
1200 4412 1288 4465 Jo.
1314 4414 1411 4465 VI.
1449 4414 1572 4466 3402
1608 4430 1713 4464 non
1737 4414 1884 4465 frena
1918 4416 2174 4465 retardant
2210 4408 2586 4477 cornipedem
