3234 4967
608 310 690 379 56
779 280 786 284 ’
1103 287 1108 292 ’
1503 312 1733 366 Adnot.
1772 310 1862 366 34.

617 519 773 586 169:
839 516 1136 586 labentes
1198 542 1237 584 >o
1257 517 1422 584 culi
1484 520 1569 586 ad
1629 530 1886 588 nostras
1950 520 2457 587 exclamationes
2518 560 2605 572 ---
2662 522 2769 588 ad·

611 629 811 692 missa
871 625 1185 715 paulatim
1217 627 1386 704 luce
1461 627 1925 694 laxantur.“
2016 627 2257 695 Markl.
2306 651 2371 716 p.
2420 628 2550 694 356
2610 628 2767 702 Silv.

613 733 695 797 V.
735 734 798 815 1,
829 733 988 798 256:
1021 733 1300 800 Lumine
1331 756 1663 822 purpureo
1696 735 1917 800 tristes
1962 734 2251 800 laxare
2300 734 2769 818 tenebras‚“

621 861 846 927 quem.
879 839 1253 906 fefellerunt
1326 863 1470 903 cum
1551 839 1661 907 alii
1734 839 1859 906 loci
1930 848 2066 904 tum
2141 838 2348 905 Theb.
2396 839 2555 908 XII.
2604 840 2767 906 204:
2800 856 2807 862 ·

614 943 1016 1014 laxabant
1065 955 1242 1012 astra
1275 947 1727 1012 tenebras“
1760 945 1871 1034 (of.
1906 944 2064 1018 Silv.
2096 945 2217 1013 IV.
2250 945 2313 1028 4,
2352 947 2433 1012 13
2482 944 2767 1033 polum.

615 1051 820 1118 Theb.
872 1053 994 1120 IX.
1030 1053 1163 1120 434
1205 1075 1454 1124 aera„
1512 1053 1632 1118 IV.
1689 1055 1720 1116 1
1782 1075 2091 1116 annum.
2182 1052 2271 1116 Π.
2323 1053 2449 1118 130
2494 1073 2767 1137 genas.

615 1157 852 1224 Achill.
911 1159 965 1223 I.
1027 1160 1154 1224 327
1221 1161 1302 1223 cf.
1366 1159 1594 1224 HeinS.
1658 1158 2000 1226 Claudian.
2066 1182 2133 1245 p.
2203 1157 2334 1228 950
2400 1157 2767 1225 brachia.

619 1263 1014 1332 Theb..VII.
1049 1265 1178 1330 353
1213 1265 1416 1330 caede
1463 1264 1952 1352 pharetram.
2012 1263 2138 1328 IX.
2174 1263 2302 1328 879
2350 1263 2767 1331 cassidem.

613 1370 706 1434 II.
756 1369 1178 1446 475.0Aehill.
1227 1371 1282 1435 Ι.
1331 1371 1460 1436 429
1510 1368 1865 1459 ferrum)
1917 1379 1982 1434 et
2028 1368 2311 1436 Martial.
2344 1370 2433 1446 X.
2472 1370 2619 1452 104,
2658 1371 2737 1436 17
2754 1393 2775 1433 :·

618 1497 780 1541 aura
857 1485 1171 1563 portum
1243 1477 1605 1544 Laxavit
1676 1475 1961 1542 melior“
2030 1497 2107 1540 ac
2178 1475 2291 1552 Sil.
2352 1475 2547 1541 XIII.
2608 1475 2767 1542 550:

614 1579 890 1648 laxata
950 1581 1168 1648 lucida
1212 1581 1807 1654 nocteClaustra
1847 1582 2077 1646 nitent.
2123 1581 2241 1648 VI.
2290 1581 2452 1647 319:
2500 1565 2773 1667 laxabat

618 1687 790 1753 ferro
840 1710 1204 1776 campum
1239 1699 1304 1752 et
1338 1686 1683 1754 Claudian.
1716 1687 1860 1754 Sec.
1894 1686 2091 1754 Cous.
2124 1686 2268 1753 Stil.
2302 1687 2460 1752 228:
2507 1687 2767 1753 Baccho

617 1817 744 1882 que
813 1804 1160 1882 paternum
1230 1795 1274 1860 J
1280 1818 1382 1860 am
1451 1793 1837 1882 pulsante
1908 1795 2184 1862 femur.
2277 1795 2491 1860 Vatis.
2546 1793 2763 1861 Oxon.

622 1901 761 1966 Pal.
822 1901 992 1966 Prie.
1061 1902 1241 1967 Rott.
1317 1924 1469 1965 vere
1540 1900 1887 1968 laxante.
1978 1901 2175 1966 Proh.
2238 1910 2331 1965 et·
2367 1899 2593 1988 Olybr.
2654 1899 2764 1966 74:

626 2006 971 2072 laxaverat
1001 2007 1268 2096 Alpes.
1303 2007 1572 2077 Arator.
1593 2008 1679 2074 Il.
1706 2007 1863 2074 877:
1898 2008 2117 2074 laxate
2152 2008 2445 2096 supernis
2478 2005 2767 2088 Corda,

622 2137 878 2202 precor,
927 2116 1255 2182 monitis..“
1347 2117 1594 2180 Verum
1640 2115 1931 2202 infinitae
1968 2137 2206 2203 operae
2256 2124 2356 2182 est
2385 2136 2771 2203 percensere

620 2222 869 2304 omnia,
935 2245 1100 2311 quae
1161 2233 1272 2288 aut
1331 2224 1428 2288 his
1499 2221 1733 2288 similia
1793 2231 1943 2288 sunt
2013 2231 2123 2288 aut
2189 2221 2351 2289 Silio
2418 2221 2536 2286 XI.
2606 2221 2771 2294 287:

619 2328 863 2394 Bacchi
895 2351 1166 2394 munera
1205 2330 1436 2396 duram
1483 2329 1825 2397 Laxarunt
1848 2333 2193 2395 ·mentem“
2231 2329 2459 2416 iisque,
2506 2351 2669 2416 quos
2705 2328 2773 2393 in

624 2433 1086 2522 Coniectaneis
1128 2435 1220 2522 Xl
1267 2436 1793 2519 memorabimus,
1843 2435 2297 2526 aufflCiceroni
2330 2434 2411 2500 cle
2446 2433 2631 2501 Orat.
2665 2435 2801 2498 111.·

619 2541 726 2622 61,
781 2542 912 2605 230
956 2539 1372 2630 Virgilioque
1419 2543 1588 2608 Aen.
1622 2541 1735 2608 lX.
1770 2541 1899 2606 225
1947 2526 2213 2608 curam
2260 2540 2484 2608 laxare
2512 2550 2634 2606 aut
2679 2539 2773 2606 illi

621 2645 924 2736 exemplo
995 2647 1202 2712 Theb.
1266 2647 1375 2713 Vl.
1436 2649 1602 2716 831:
1674 2648 2013 2715 armiferas
2080 2645 2305 2722 laxare
2372 2646 2771 2712 adsueverat

618 2746 806 2816 iras.
899 2753 1164 2818 Petron.
1218 2755 1340 2820 108
1405 2779 1467 2840 p.
1528 2753 1689 2818 644:
1754 2776 1875 2818 nec
1935 2763 2153 2818 tamen
2212 2755 2593 2843 cujusquam
2649 2755 2771 2821 ira

623 2857 953 2924 laxatur.“
1043 2860 1266 2924 Burni.
1317 2859 1423 2924 82.
1473 2883 1538 2947 p.
1570 2859 1725 2924 427.
1772 2857 1951 2924 Duk.
1986 2849 2162 2924 Flor.
2194 2859 2283 2924 II..
2318 2859 2381 2942 4,
2432 2861 2472 2923 2
2518 2883 2581 2946 p.
2618 2859 2767 2924 256.

619 2961 846 3030 Arntz.
895 2964 1156 3038 Ara-tor.
1211 2966 1254 3029 Ι.
1309 2966 1390 3030 12
1435 2989 1503 3054 Ρ.
1551 2966 1659 3030 36.

1557 3215 1643 3294 V.
1706 3215 1909 3298 35

799 3392 976 3461 Nihil
1021 3394 1128 3460 hic
1175 3395 1532 3484 discrepat,
1581 3397 1707 3462 nisi
1755 3396 1931 3485 quod
1976 3398 2043 3462 in
2090 3397 2555 3484 Rehdigerano
2600 3396 2769 3462 libro

624 3500 985 3564 inveniturt
1019 3500 1370 3588 habituque
1403 3525 1447 3566 n
1466 3523 1579 3566 es.
1605 3551 1621 3566 .
1652 3551 1667 3565 .
1695 3551 1719 3584 ·.
1770 3502 1967 3584 Quod
2000 3504 2364 3590 quomimus
2412 3511 2771 3572 statuamus

624 3607 1002 3693 provenisse
1057 3605 1170 3672 illo
1226 3607 1476 3672 litteras
1535 3632 1566 3672 s
1626 3618 1691 3672 et
1747 3610 1783 3674 f
1816 3610 2347 3696 pei-miscentium
2394 3632 2640 3695 errore,
2689 3610 2770 3676 de

625 3735 768 3800 quo.
801 3713 865 3777 in
908 3711 1364 3802 Conjeetaneis
1398 3714 1515 3780 Xl.
1541 3715 1869 3801 copiosius
1907 3714 2319 3798 disseremus,
2362 3725 2429 3782 et
2460 3715 2683 3781 multis
2708 3725 2775 3781 et

628 3821 882 3906 magnis
929 3821 1351 3908 prohibemur
1397 3823 1664 3886 caussis.
1754 3821 1847 3886 Et
1883 3823 2164 3909 primum
2196 3822 2459 3910 quidem
2491 3821 2774 3911 aliquam

631 3949 711 3990 ea
755 3949 861 3992 res
907 3927 1117 4015 injicit
1173 3927 1677 4010 dubitationem,
1736 3928 1912 4017 quod
1969 3938 2034 3993 et
2092 3931 2231 4016 ipse
2288 3938 2491 4017 poeta
2536 3929 2775 3996 dicitur

627 4031 1032 4115 nefastus,
1104 4057 1236 4098 non
1297 4043 1523 4098 cantus
1583 4043 1653 4099 et
1704 4034 1986 4119 habitus,
2051 4044 2118 4101 et
2176 4037 2413 4102 usitate
2466 4034 2771 4124 loquitur,

641 4140 752 4227 qui
782 4137 1078 4206 homines
1115 4139 1503 4206 nefandos
1537 4141 1715 4226 dicit,
1746 4165 1880 4207 non
1917 4143 2281 4208 nefastos
2321 4140 2431 4229 (ef.
2462 4141 2774 4208 Doederl.

633 4247 878 4332 Synon.
912 4245 1003 4312 11.
1036 4271 1100 4334 p.
1140 4247 1284 4312 150.
1333 4246 1544 4312 Drak.
1578 4247 1723 4314 Liv.
1758 4248 1863 4315 Vl.
1898 4248 2002 4314 28.
2048 4249 2087 4312 8
2135 4271 2201 4335 p.
2234 4247 2363 4312 254
2410 4271 2504 4336 sq.
2578 4249 2781 4331 Quin-

624 4351 829 4417 tilian.
877 4350 931 4416 I.
981 4353 1020 4416 3
1068 4376 1131 4440 p.
1167 4353 1279 4420 37:
1329 4353 1665 4420 nefa-ndi
1712 4355 2069 4420 homines
2116 4357 2241 4420 isto
2273 4354 2595 4420 >caedendi
2618 4356 2775 4444 jure
