3234 4967
1267 356 1518 409 Adnol.
1557 353 1654 406 33.
2464 347 2537 411 51

395 567 826 655 acquiescam,
871 584 1018 629 cum
1063 561 1282 627 multis
1315 560 1588 627 discitur
1622 554 1941 645 exemplis
1970 554 2216 645 (Drak.
2246 556 2395 623 Liv.
2428 556 2547 625 lX.

395 674 501 757 25,
548 672 591 737 5
651 694 716 759 p.
765 670 916 737 207.
973 668 1168 755 Valg.
1215 690 1280 755 p.
1327 664 1504 753 321)
1572 673 1714 729 tum
1780 660 2050 749 Virgilii
2116 661 2313 746 locis,
2384 684 2548 751 quos

395 784 988 845 commemorarunt
1039 773 1356 839 Heinsius
1422 770 1971 859 Burmannusque
2039 766 2209 835 Aen.
2255 769 2368 835 Vl.
2414 767 2547 835 493

395 908 461 974 p.
511 884 598 951 80
645 892 728 951 et·
760 882 992 951 Carrio
1038 878 1187 946 Val.
1228 876 1448 943 Flacc.
1494 876 1543 943 1.
1593 876 1678 941 79
1724 898 1790 963 p.
1824 874 1930 958 27,
1980 883 2047 941 et
2092 872 2321 941 Ovidii
2364 873 2548 943 Fast.

399 992 474 1057 11.
524 990 652 1056 753
712 988 1186 1077 inceptaque
1241 1023 1331 1035 -
1385 984 1659 1049 remisit.
1706 980 1855 1049 Put.
1902 1002 2033 1049 sec.
2078 982 2549 1070 incertaque.

398 1098 560 1165 Met.
591 1097 681 1163 X.
713 1096 798 1161 58
823 1092 1148 1182 prendere
1182 1100 1483 1179 captan
1503 1114 1552 1155 s.
1593 1087 1786 1157 codd.
1813 1087 1982 1154 Cios.
2018 1097 2348 1177 ceptans.
2381 1108 2553 1153 cer—

399 1213 568 1269 tans.
595 1200 944 1269 Claudiani
965 1199 1077 1267 Pr.
1095 1197 1237 1267 Stil.
1256 1198 1346 1263 II.
1373 1196 1525 1262 364.
1550 1195 1727 1261 Livii
1752 1194 1829 1261 11.
1858 1196 1916 1278 1,
1945 1194 1987 1261 2
2010 1204 2341 1285 coeptae
2374 1193 2553 1261 urbis

403 1310 506 1400 (ut
530 1306 840 1397 Calpurn.
871 1304 917 1371 l.
943 1305 1008 1371 d.
1033 1303 1145 1371 Sil.
1171 1304 1326 1371 XV.
1349 1302 1505 1387 421,
1533 1322 1729 1391 quem
1762 1300 1963 1367 nolim
1992 1299 2210 1367 dicere
2242 1304 2561 1390 praeteri—

402 1427 542 1482 tum
581 1435 723 1483 esse
765 1436 807 1478 a
831 1410 1266 1491 Lachmanno
1305 1409 1570 1475 Lucret.
1601 1408 1725 1474 IV.
1766 1408 1895 1482 619
1928 1431 1993 1495 p.
2030 1406 2212 1497 248).
2282 1404 2554 1476 Borbet.

403 1518 682 1587 Helmst.
705 1519 886 1585 Rott.
913 1516 1088 1583 Gud.
1115 1502 1408 1584 certic.
1444 1523 1687 1581 certe.
1715 1512 1985 1602 Goripp.
2007 1512 2250 1581 Joann.
2276 1513 2441 1582 1.38=
2467 1516 2559 1580 in·

409 1624 636 1713 cepti
679 1663 770 1673 —-
811 1622 1138 1712 plantaria
1193 1622 1454 1695 Martis.
1495 1620 1872 1691 Mazzucch.
1932 1619 2241 1687 incerti.
2290 1620 2365 1685 11.
2428 1620 2562 1687 354

407 1732 620 1820 pietas
667 1738 970 1817 coepta.
1017 1727 1208 1796 codd.
1258 1738 1502 1797 certa.
1547 1736 1788 1793 cetta.
1858 1725 2054 1793 Unde
2085 1728 2314 1815 quaeri
2342 1736 2563 1815 potest

408 1860 494 1903 an
537 1834 906 1903 Rutilius
949 1834 1033 1909 It.
1082 1836 1132 1899 1.
1178 1834 1344 1901 457:
1404 1834 1778 1908 Incertus
1836 1833 2101 1920 gemina
2161 1832 2564 1901 discriminat

407 1943 642 2010 arbore
711 1943 936 2008 fauces
1003 1924 1409 2029 Defixasque
1443 2008 1448 2013 ,
1477 1940 1675 2015 offert
1730 1938 1915 2007 limes
1973 1948 2251 2029 uterque
2320 1938 2564 2008 sudes“

407 2052 810 2115 intratum
869 2058 937 2113 et
995 2047 1263 2113 transiri
1310 2055 1617 2135 coeptum
1674 2044 1945 2113 limitem
2005 2045 2106 2112 his
2167 2046 2556 2114 narraverit:

411 2157 798 2243 inceptus
845 2156 1108 2240 gemina
1155 2152 1563 2241 discriminat
1609 2152 1847 2219 arbore
1894 2154 2119 2219 fauces
2162 2150 2567 2241 Defixasque

415 2261 606 2327 offert
664 2259 850 2325 limes
910 2261 1294 2347 utrinque
1355 2246 1625 2326 ἐπιὼν(
1670 2259 1796 2338 (cf.
1854 2258 2143 2326 Martial.
2190 2258 2308 2325 XI.
2357 2259 2476 2345 70,
2523 2259 2567 2325 5

412 2368 822 2455 utrinque.
905 2365 1122 2433 Berol.
1187 2376 1530 2453 uterque.
1602 2366 1723 2448 81,
1780 2366 1827 2431 4
1893 2375 2243 2453 uterque.
2334 2364 2565 2433 Heius.

330 2528 334 2531 .
412 2473 748 2563 utrique.
840 2472 1050 2542 Drak.
1096 2472 1248 2537 Liv.
1296 2472 1491 2539 XXI.
1537 2471 1647 2557 45,
1688 2474 1758 2539 ·1.
1806 2472 1961 2539 add.
1992 2471 2157 2539 Stat.
2205 2470 2411 2540 Theb.
2441 2472 2567 2539 IX.

413 2579 576 2655 183:
623 2582 858 2667 ingens
903 2578 1136 2648 limes
1182 2580 1587 2667 utrimque
1632 2578 1921 2669 datus“),
1955 2579 2317 2647 Senecae
2347 2588 2568 2646 autem

415 2685 652 2771 Agam.
701 2686 818 2759 38:
881 2684 1015 2752 Sed
1077 2706 1226 2750 sera
1286 2684 1554 2751 tandem
1599 2684 1869 2773 respicit
1902 2686 2137 2752 fessos
2178 2684 2368 2753 malis
2411 2686 2570 2753 Post

416 2792 554 2860 fata
599 2789 862 2857 demum
908 2791 1102 2856 sortis
1156 2792 1531 2857 incertae
1575 2790 1743 2857 fides
1754 2796 1822 2875 ‚“
1868 2814 2065 2882 quam
2119 2790 2571 2881 „hypallagen

415 2920 560 2965 esse
629 2918 749 2985 pro
817 2898 1080 2963 sortis
1149 2898 1481 2965 incerta
1546 2897 1827 2964 fides“
1898 2898 2240 2966 Gronovio
2297 2897 2574 2967 credunt

415 3026 662 3087 omnes,
711 3024 943 3071 verum
989 3003 1074 3069 sit
1109 3002 1331 3073 reddi:
1379 3004 1576 3071 sortis
1623 3004 2035 3093 inceptae,
2083 2994 2573 3093 quo'Th'yestes

417 3119 660 3177 sortem
721 3109 898 3177 dicat
951 3108 1174 3177 multis
1245 3110 1600 3178 sceleribus
1664 3121 1730 3177 et
1796 3111 2134 3179 funeribus
2200 3112 2574 3179 inchoatam

421 3216 514 3303 (ν.
564 3216 650 3284 25
709 3214 838 3305 sq.)
887 3217 1030 3305 Jam
1095 3216 1610 3305 Agamemnonis
1668 3217 1873 3285 caede
1946 3216 2035 3285 ad
2102 3218 2353 3285 exitum
2427 3240 2575 3286 con-

357 3344 362 3351 ·
427 3322 892 3389 summandam.
2521 3398 2526 3403 ,

603 3428 838 3517 Itaque
883 3449 1006 3516 pro
1063 3438 1244 3497 certo
1291 3439 1358 3495 et
1415 3430 1761 3520 explorato
1806 3430 2123 3498 habemus
2169 3431 2347 3522 quod
2390 3431 2575 3497 resti-

426 3535 666 3601 tuimus
711 3558 756 3601 a
797 3534 1009 3601 Statio
1065 3534 1425 3602 insolenter
1483 3537 1711 3603 fictum
1770 3538 1971 3604 fuisse
2014 3539 2086 3603 in
2130 3560 2277 3605 eam
2323 3547 2576 3605 senten-

426 3642 615 3727 tiam,
671 3643 742 3709 in
799 3664 932 3732 qua
990 3643 1150 3731 poni
1203 3644 1524 3729 potuerit:
1587 3666 1783 3711 orsa
1841 3642 2073 3732 lyrae
2129 3643 2442 3729 scindo,
2500 3653 2575 3709 ut

425 3750 633 3817 Theb.
681 3750 808 3817 XI.
859 3749 983 3816 197
1001 3773 1017 3814 ι
1088 3750 1341 3817 scidit
1397 3773 1586 3820 orsa
1644 3773 1819 3819 novo
1883 3763 2135 3819 terrore
2194 3790 2284 3803 —-
2340 3751 2576 3816 Eume·

424 3858 575 3923 nis“
621 3856 805 3945 (Vet.
847 3855 1063 3925 Schol.
1100 3881 1166 3945 p.
1203 3858 1405 3926 1324:
1463 3860 1819 3947 interrupit
1873 3882 2241 3926 sermonem
2284 3858 2574 3925 Adrasto

425 3962 786 4051 Tisiphone
826 3962 1276 4053 .institutum“)
1307 3966 1390 4030 cf.
1429 3966 1518 4031 X.
1549 3964 1719 4031 558:
1760 3963 2163 4053 lymphatam
2195 3964 2576 4033 horroribus

425 4069 656 4137 urbem
705 4069 1114 4137 Scindunt
1160 4070 1459 4138 dissensu
1505 4074 1692 4139 vario
1738 4072 2117 4161 Luctusque
2164 4072 2577 4161 Furorque.“

428 4175 602 4242 Add.
647 4175 920 4265 Coripp.
952 4175 1194 4257 Joann.
1235 4177 1295 4242 Ι.
1328 4178 1488 4245 294:
1540 4177 1657 4244 sed
1704 4178 2081 4245 scindere
2137 4176 2428 4245 bellum
2488 4176 2581 4243 Et

425 4282 700 4355 miseras
731 4280 988 4349 salvare
1021 4284 1292 4367 animas,
1323 4282 1488 4349 haec
1519 4284 1661 4350 sola
1684 4284 1992 4373 cupido.“
2038 4284 2265 4352 Sidon.
2292 4281 2577 4372 Apollin.

427 4386 617 4459 XIV.
679 4388 800 4454 29:
873 4388 1150 4457 Chiron.
1191 4428 1271 4443 —-
1347 4390 1695 4457 Carmen
1764 4401 2179 4483 rumperet
2244 4388 2577 4456 hinniente

2202 4497 2273 4551 4·
