3234 4967
1324 400 1561 454 Adnot.
1604 398 1692 452 86.
2467 394 2586 463 153

426 626 695 691 genere,
740 628 868 695 quo
914 608 1181 695 proprio
1226 607 1477 673 Statius
1522 628 1678 671 usus
1725 616 1844 690 est,
1889 598 2193 672 subtilius
2239 606 2584 694 explorato

430 711 523 799 (v.
572 713 635 780 3.
686 713 749 777 8.
801 713 904 776 17.
954 712 1061 777 24.
1111 713 1219 777 27.
1266 714 1373 777 32.
1422 712 1528 779 34.
1577 712 1685 778 35.
1733 714 1842 779 38.
1889 709 1998 779 43.
2047 713 2154 778 46.
2188 712 2296 778 48.
2329 712 2439 778 53.
2471 711 2582 776 54.

428 817 535 883 56.
582 817 670 883 65
718 842 813 907 sq.
857 818 967 885 67.
1018 817 1125 884 68.
1174 820 1259 883 69
1305 842 1401 907 sq.
1452 820 1556 884 77.
1608 819 1711 884 78.
1747 821 1854 885 80.
1886 820 1991 885 84.
2023 819 2132 884 87.
2169 820 2249 885 cf.
2282 814 2582 907 Oonject.

427 924 517 989 II.
566 925 648 990 V.
708 925 861 991 VII.
920 924 1043 990 XI.
1106 922 1277 991 XIV
1298 964 1385 973 -
1408 924 1644 1014 XVII)
1711 927 1841 1014 ipsi
1910 924 2366 1013 expolivimus,
2435 944 2584 991 cum

428 1052 640 1120 nuper
708 1053 855 1096 cum
924 1032 1191 1097 assidua
1256 1030 1567 1098 laboriosi
1640 1032 1837 1097 officii
1897 1032 2182 1099 statione
2235 1032 2584 1117 fatigatum

426 1146 567 1203 tum
586 1168 593 1175 ·
612 1138 828 1203 causis
872 1138 1246 1227 morbisque
1294 1138 1646 1226 repetitum
1675 1157 1916 1227 eorpus
1955 1138 2183 1205 liceret
2213 1137 2586 1225 voluptaria

425 1242 540 1309 illa
588 1243 978 1310 Wrechensi
1033 1266 1333 1311 recreare
1388 1246 1830 1311 rusticatione.
1933 1244 2082 1328 Quo
2138 1243 2320 1310 velut
2375 1258 2582 1331 opaco

428 1372 688 1417 secessu
754 1352 1056 1440 potitum,
1134 1373 1282 1416 cum
1352 1351 1493 1418 dies
1560 1352 1878 1418 imbribus
1953 1350 2235 1440 squalidi
2309 1350 2581 1415 Faunae

429 1478 612 1544 opus,
659 1458 767 1522 cui
810 1466 986 1523 totus
1018 1466 1157 1523 tum
1188 1480 1424 1523 vacare
1469 1456 1669 1541 soleo,
1717 1459 2154 1523 intermittere
2190 1458 2580 1544 coegissent,

426 1563 693 1629 memini
740 1564 881 1629 vice
946 1586 1338 1649 sermonum,
1396 1573 1471 1631 ut
1531 1568 1718 1657 ajunt
1763 1564 1943 1655 (nam
1989 1566 2185 1653 pauci
2231 1563 2582 1631 admodum

426 1667 781 1734 familiares
826 1691 961 1736 una
1006 1670 1183 1736 domi
1228 1670 1779 1761 continebamur),
1828 1674 1894 1738 in
1928 1690 2154 1737 eorum
2185 1672 2581 1736 mentionem

428 1798 531 1839 me
577 1775 893 1860 incidere,
952 1776 1063 1865 qui
1117 1778 1201 1843 in·
1232 1779 1561 1865 fingendis
1604 1777 2004 1845 carminibus
2051 1778 2338 1866 prompti
2385 1786 2452 1843 et
2497 1777 2583 1843 ad

427 1880 604 1947 illam
652 1883 866 1949 subito
916 1883 1181 1951 dicendi
1224 1884 1489 1951 laudem
1535 1906 1746 1975 usque
1790 1884 2018 1951 faciles
2061 1905 2197 1950 non
2241 1881 2582 1971 vulgarem

428 1989 667 2055 famam
723 1991 1136 2058 meruissent.
1230 1992 1321 2057 Et
1378 2002 1514 2058 tum
1575 1992 1840 2081 quidem
1895 2014 2042 2058 cum
2089 1990 2220 2057 alia
2265 1991 2472 2057 multa
2515 1992 2582 2055 in

428 2095 715 2161 medium
762 2096 954 2163 attuli
999 2107 1136 2164 tum
1185 2100 1381 2167 Statii
1428 2110 1638 2165 artem
1686 2099 2020 2188 explicare
2065 2098 2317 2164 institui
2371 2090 2594 2188 qualis'

429 2210 496 2268 et
542 2212 786 2290 quanta
830 2205 1044 2270 fuerit.
1126 2205 1353 2271 Veluti
1390 2204 1728 2271 Handium
1775 2244 1862 2255 -—
1908 2213 2314 2294 quantopere
2362 2213 2581 2269 autem

418 2310 613 2399 juvat
680 2307 972 2378 recolere
1042 2310 1216 2376 illius
1279 2311 1414 2377 diei
1472 2309 1877 2395 felicitatem,
1949 2332 2078 2399 quo
2139 2332 2224 2375 ex
2279 2309 2582 2375 familiari

428 2417 658 2481 summi
716 2417 843 2483 viri
903 2415 1227 2505 colloquio
1294 2415 1484 2482 simul
1539 2418 1892 2504 ingenuam
1955 2416 2458 2483 oblectationem
2516 2425 2584 2482 et

426 2520 921 2589 saluberrimam
990 2523 1191 2589 habui
1258 2517 1733 2589 institutionem
1809 2561 1898 2572 —--
1971 2522 2305 2589 Handium
2379 2522 2584 2609 igitur

426 2629 691 2696 memini
736 2630 981 2719 injecta
1029 2627 1110 2695 de
1158 2630 1664 2697 Monacensibus
1711 2632 1920 2697 nostri
1964 2638 2202 2720 poetae
2250 2629 2582 2695 codicibus

425 2736 755 2801 mentione
780 2734 939 2800 mihi
968 2758 1242 2801 narrare
1270 2738 1624 2825 contigisse
1651 2736 2024 2825 aliquando,
2057 2746 2150 2821 ut,
2176 2759 2325 2802 cum
2351 2735 2581 2803 silvam

426 2840 709 2929 aliquam
756 2843 897 2930 ipsc
945 2842 1306 2926 recitasset,
1372 2842 1780 2909 Goethius
1834 2842 2260 2910 mirabundus
2303 2844 2371 2907 in
2419 2842 2582 2908 haec

430 2958 804 3038 erumperet
834 2949 1067 3016 verba:
1114 2999 1155 3034 ‚,
1173 2948 1263 3014 At
1302 2950 1413 3037 qui
1461 2950 1577 3017 abs
1623 2960 1689 3017 te
1737 2949 1999 3038 legitur,
2045 2973 2178 3016 non
2223 2949 2581 3038 probabilis

426 3057 707 3144 scriptor
776 3065 894 3139 est,
968 3056 1085 3121 sed
1145 3078 1344 3121 verus
1399 3060 1677 3144 poeta.“
1789 3058 1930 3123 Nec
1988 3078 2146 3122 vero
2215 3055 2350 3139 illa,
2411 3077 2580 3144 quae

428 3162 775 3248 insigniter
845 3162 1193 3250 discrepat,
1274 3161 1750 3228 Marklandi
1817 3185 1952 3228 vox
2025 3186 2159 3228 non
2238 3162 2578 3228 succurrit.

433 3268 583 3350 Qua
625 3290 787 3334 voce
843 3269 1141 3355 graviter
1185 3277 1399 3334 motus
1450 3291 1527 3334 ac
1574 3268 1960 3337 sollicitatus
2006 3278 2376 3359 temperare
2422 3269 2580 3334 mihi

429 3395 561 3439 non
617 3376 823 3461 potui,
884 3376 1040 3462 quin
1098 3398 1469 3463 promerem
1516 3376 1713 3443 Statii
1756 3375 2065 3442 volumen
2127 3385 2322 3465 atque
2371 3377 2579 3465 ipsam

428 3488 826 3570 postremam
900 3479 1193 3568 eclogam
1262 3480 1647 3568 relegerem.
1764 3482 1959 3565 Quod
2024 3505 2155 3549 uno
2227 3482 2443 3550 calore
2513 3491 2580 3548 et

431 3586 711 3675 quadam
759 3586 1115 3653 festinandi
1145 3584 1483 3676 voluptate
1524 3589 1791 3653 facienti
1833 3591 1975 3677 ipsa
2005 3612 2086 3655 ea
2115 3599 2576 3678 provenerunt,

432 3716 601 3782 quae
662 3693 750 3759 ad
797 3693 1341 3784 compescendum
1397 3694 2002 3784 moderandumque
2061 3695 2223 3761 illud
2258 3696 2577 3785 judicium

432 3800 590 3865 satis
629 3798 850 3865 valere
898 3800 1296 3866 viderentur.
1393 3801 1579 3883 Quae
1625 3802 1773 3889 ipsa
1817 3811 1973 3867 tunc
2016 3801 2149 3869 levi
2195 3804 2581 3891 consignata

434 3904 581 3973 stilo
636 3929 812 3972 nunc
868 3905 1065 3996 paulo
1124 3905 1525 3974 enucleatius
1582 3909 1991 3996 perscribere
2050 3910 2145 3976 ita
2188 3910 2402 3977 visum
2459 3919 2580 3993 est,

431 4022 507 4079 ut
554 4036 697 4079 cum
744 4012 1020 4080 aliorum
1064 4014 1425 4100 doctorum,
1474 4038 1753 4104 quorum
1774 4018 1914 4105 jam
1953 4023 2378 4104 suppeterent
2408 4016 2578 4101 libri,

431 4118 789 4187 haberetur
833 4121 1024 4206 rati0,
1076 4130 1213 4186 tum
1244 4120 1521 4205 Imhofii‚
1571 4144 1763 4211 quem
1803 4120 2064 4210 quidem
2091 4132 2314 4189 rectae
2347 4124 2581 4190 doctri-

435 4248 561 4292 nae
624 4227 1166 4294 studiosissimum
1226 4228 1514 4294 nondum
1570 4238 1792 4295 tamen
1853 4229 2098 4296 desisse
2144 4231 2343 4297 video
2403 4232 2580 4319 loqui

437 4333 871 4417 „Marklandi
930 4337 1339 4424 conjecturas
1384 4334 1905 4423 elegantissimas
1950 4336 2331 4426 plerumque
2379 4346 2446 4403 et
2489 4341 2580 4403 in-

433 4442 980 4526 geniosissima-s“
1037 4441 1150 4531 (de
1198 4440 1355 4508 silv.
1406 4442 1680 4510 Condic.
1731 4442 1894 4510 Crit.
1941 4467 2007 4534 p.
2055 4445 2143 4510 32
2189 4446 2270 4509 cf.
2320 4444 2575 4527 Queck.
