3234 4967
1206 398 1480 465 conject.
1521 398 1726 451 xvm.
1986 415 1989 422 ,
2446 401 2543 453 251

1285 814 1657 940 Xvffl.

459 976 466 985 ¹
542 997 866 1049 Perdifficilis
904 996 1133 1061 quaestio
1173 1003 1250 1047 est
1284 998 1348 1057 de
1386 1012 1538 1046 versu
1574 996 1743 1046 Theb.
1780 996 1845 1050 Π.
1887 998 2014 1048 551:

1519 1097 1659 1158 Quos
1696 1100 1783 1147 ubi
1818 1100 2009 1163 plures,

765 1185 928 1245 Quam
966 1192 1120 1243 ratus,
1157 1184 1432 1234 innumeris
1469 1184 1605 1233 videt
1640 1198 1913 1233 excursare
1948 1183 2203 1247 latebri5‚'

767 1271 878 1319 Hos
913 1270 1180 1333 prodire
1211 1268 1368 1333 jugis,
1404 1268 1521 1317 illos
1559 1282 1586 1317 e
1622 1267 1841 1319 vallibus
1878 1270 1991 1335 imis

671 1376 682 1389 *
764 1354 1025 1405 Crescere.
1613 1338 1631 1349 ⁹

404 1458 678 1521 Discrepat
713 1456 1118 1505 Lactantius:
1155 1456 1266 1505 Hos
1304 1457 1476 1505 deire
1508 1452 1679 1519 jugis)
1740 1455 2089 1521 Anastrophe:
2150 1458 2245 1507 hos
2302 1458 2365 1506 de
2406 1457 2545 1522 jug-is

406 1540 530 1595 ire,“
603 1544 686 1591 De
725 1558 824 1605 quo
859 1543 959 1590 hoc
997 1548 1074 1590 est
1103 1541 1350 1603 judicium
1387 1540 1608 1589 Barthii:
1665 1542 1887 1601 „deire
1925 1542 2051 1591 citat
2085 1543 2406 1607 ct'proponit
2440 1540 2545 1591 Lu·
2632 1540 2641 1547 ’

407 1628 560 1676 tatius
613 1628 768 1688 idque
821 1626 1048 1677 omnibus
1102 1626 1204 1675 suis
1261 1626 1665 1689 exemplaribus,
1726 1632 1784 1674 ut
1842 1627 2085 1675 monitum
2140 1616 2545 1689 LindenbrogiO.

405 1712 578 1762 Nostri
613 1711 814 1761 codices
852 1709 978 1759 nihil
1003 1717 1220 1771 mutant·;
1258 1712 1428 1773 itaque
1452 1724 1548 1759 nos
1581 1709 1723 1757 illam
1752 1708 2018 1761 ridiculam
2045 1704 2545 1775 Glossogra'phorum

407 1796 772 1859 negligentiam
809 1808 914 1845 non
951 1796 1308 1845 attendimus.“
1380 1795 1546 1857 Atqui·
1565 1809 1668 1843 non
1696 1795 1864 1843 solum.
1896 1797 1949 1843 in
1977 1794 2249 1845 Puteaneo'
2264 1794 2547 1856 Thebaidis

413 1882 590 1931 codice
628 1883 802 1930 deire
841 1880 940 1943 legi
978 1876 1125 1929 testis
1163 1887 1238 1928 est
1275 1878 1556 1939 Queckius‚
1593 1894 1769 1929 verum
1808 1881 1959 1930 etiam
1994 1882 2046 1929 in
2082 1880 2337 1929 Lactantii
2374 1882 2547 1930 codiee

406 1968 457 2016 A
494 1966 716 2015 invenio:
770 1964 1040 2015 Prodire
1071 1964 1224 2027 jugis.
1279 1963 1625 2029 ‘Anastrophe
1676 1966 1769 2015 hos
1816 1967 1879 2014 de
1910 1966 2051 2029 jugis
2086 1965 2211 2015 ire.“
2283 1965 2400 2030 Quo
2438 1978 2546 2015 cer·

393 2052 599 2117 'tissime
623 2052 812 2101 indicio
850 2057 901 2099 et
923 2056 1221 2113 argumento
1245 2050 1424 2113 patefit
1447 2051 1585 2113 apud
1611 2049 1830 2100 Statium
1870 2044 1991 2099 olim
2029 2052 2128 2099 hoc
2153 2051 2340 2101 lectum
2366 2050 2546 2101 fuisse:

1089 2160 1221 2221 Ηοε,
1258 2160 1428 2224 prol,
1467 2160 1647 2208 deire
1678 2160 1832 2224 jugis·

408 2270 568 2336 (quod
603 2272 711 2335 ipse
750 2271 1040 2321 Lactantius
1078 2269 1210 2319 infra
1245 2286 1290 2319 v.
1330 2272 1428 2321 552
1467 2271 1645 2319 maluit
1678 2272 1752 2320 sic
1788 2272 2019 2319 reddere:
2076 2272 2151 2320 de
2180 2271 2354 2335 jugis
2391 2286 2545 2336 pro>-

409 2355 678 2417 disse“).
751 2356 950 2407 Vocem
987 2371 1096 2420 pro
1135 2356 1361 2419 quidem,
1416 2355 1560 2419 cujus
1613 2371 1735 2405 usus
1788 2356 1943 2419 paulo
1988 2355 2291 2405 insolentior
2327 2355 2545 2407 librariis

405 2441 572 2491 fraudi
611 2440 722 2501 fuit,
779 2442 1044 2491 commode
1102 2448 1388 2503 reparatam
1420 2452 1540 2490 'esse
1577 2442 1792 2504 probare
1830 2440 2007 2489 videor
2042 2441 2167 2490 locis
2204 2440 2336 2491 Livii
2359 2440 2545 2491 ·XXII.

411 2528 490 2587 14,
528 2528 583 2577 6:
634 2526 860 2576 Tantum
895 2528 1018 2591 prol
1070 2524 1387 2591 degeneretis
1424 2541 1455 2573 a
1489 2526 1783 2589 parentibus
1819 2524 2051 2574 nostrie.“
2124 2524 2387 2579 Claudian.
2426 2526 2545 2576 Rus.

407 2612 472 2660 Π.
511 2612 637 2663 330:
677 2611 804 2661 Visa
839 2604 1010 2675 loqui:
1049 2612 1166 2675 pro!
1205 2625 1354 2673 surge
1391 2610 1553 2674 toro“,
1591 2611 1737 2673 cujus
1774 2626 1876 2660 non
1913 2610 2072 2674 magis
2097 2612 2403 2661 mentionem
2426 2611 2548 2661 fecit
2616 2600 2628 2607 ’

407 2696 640 2747 Handius
675 2694 899 2747 Tursell.
939 2696 1030 2746 IV.
1069 2712 1117 2759 p.
1156 2696 1280 2757 573,
1319 2710 1468 2759 quam
1505 2690 1737 2744 Senecae
1774 2696 1929 2748 Herc.
1968 2694 2079 2749 Oet.
2124 2696 2279 2745 1364:
2338 2696 2400 2745 In
2434 2696 2547 2761 ipsa

409 2797 488 2830 me
519 2782 728 2844 jactate,
763 2798 872 2846 pre,
910 2782 1135 2841 comiteS‚
1175 2778 1340 2829 frcta“
1379 2778 1486 2842 (cui
1511 2780 1675 2829 eidem
1698 2778 1878 2829 OctaV.
1914 2782 2036 2831 927:
2075 2782 2197 2831 Per
2233 2797 2362 2845 quae
2400 2796 2546 2831 casus

408 2866 569 2915 volvit
604 2868 772 2917 varios
809 2880 1009 2931 semper
1043 2866 1189 2918 nobis
1225 2866 1495 2913 metuenda
1533 2864 1672 2913 dies“
1730 2866 1829 2913 hoc
1888 2866 2257 2915 restituendum
2317 2866 2548 2917 videtur}

409 2949 558 3003 Pro!
612 2967 792 3017 quam
828 2967 976 3001 casus
1013 2950 1172 3000 volvit
1205 2948 1446 3013 varios“).
1499 2949 1703 3012 -Itaque
1741 2947 2003 2999 Gronovio
2040 2950 2415 2999 assentiendum
2454 2962 2547 3010 cst,

411 3044 658 3099 quatenus
694 3038 878 3102 probat
915 3036 1092 3085 deire
1128 3034 1371 3095 „verbum
1408 3034 1669 3097 singulare
1706 3032 1891 3083 Statir‘
1938 3034 2140 3097 (omitto
2177 3035 2307 3083 enim
2345 3050 2546 3083 versum

409 3138 440 3170 a
475 3122 748 3171 Ficoronio
812 3122 1067 3187 proditum
1129 3136 1209 3185 ap.
1245 3113 1523 3168 Forcellin.
1560 3118 1628 3169 ΙΙ.
1664 3134 1715 3183 p.
1754 3122 1845 3169 22:
1918 3118 2059 3181 Quot
2104 3126 2240 3167 meat
2273 3120 2327 3167 in
2364 3115 2547 3180 stelli3‚

410 3208 542 3255 deit
577 3204 698 3257 hinc
734 3215 858 3272 quot
891 3208 1120 3270 Pegasus
1157 3206 1281 3266 alis,
1319 3206 1424 3254 Tot
1459 3219 1574 3253 mea
1607 3204 1802 3253 natales
1838 3204 1943 3253 fata
1980 3206 2163 3255 dedere
2202 3202 2405 3270 mihi“)‚
2447 3201 2548 3255 'sed

411 3292 548 3355 quod
587 3292 635 3342 ei
669 3292 870 3342 videtur
906 3280 1262 3355 „consuetudo
1299 3297 1483 3355 poetae
1520 3290 1945 3355 praepositionem
1980 3290 2122 3339 illam
2158 3305 2261 3341 non
2298 3292 2403 3355 pati
2431 3306 2549 3341 cos—

410 3376 600 3426 lescere
636 3392 747 3426 eum
784 3376 947 3427 vocali
983 3377 1272 3443 sequenti“‚
1308 3376 1360 3427 id
1385 3390 1562 3439 parum
1588 3382 1728 3424 recte
1755 3376 1944 3425 dictum
1972 3390 2083 3426 esse
2122 3377 2314 3426 dudum
2350 3377 2402 3425 in
2428 3390 2548 3427 con-

411 3462 595 3512 fessum
634 3462 786 3513 venit.
861 3462 1115 3512 Lactantii
1153 3452 1471 3512 autem'loco
1508 3476 1602 3511 nec
1641 3460 1933 3525 Leunepius
1970 3462 2107 3518 Add,
2162 3462 2215 3511 in
2254 3462 2548 3513 Terentian-

411 3563 476 3612 p.·
497 3548 598 3597 428
634 3548 856 3597 intendit
890 3562 980 3597 nec
1017 3548 1374 3613 Lachmapnus
1409 3546 1612 3601 Lucret,
1642 3547 1705 3599 11.
1734 3548 1861 3597 1061
1903 3564 1952 3614 p.
1985 3549 2082 3598 134
2108 3563 2185 3615 sq.
2224 3532 2312 3597 aut
2334 3536 2546 3598 Corsse-

412 3634 527 3683 nius
563 3634 626 3681 de
661 3632 921 3697 Appellat.
959 3632 1082 3685 Litt.
1119 3632 1233 3686 Lat.
1261 3634 1324 3681 11.
1361 3648 1408 3697 p.
1439 3635 1532 3682 181
1572 3648 1647 3698 sq.
1686 3638 1777 3683 aut
1800 3633 1925 3685 Luc.
1952 3632 2247 3685 Muellerus.

549 3717 657 3767 Nec
683 3726 817 3767 recte
843 3716 1134 3767 Gronovius
1172 3718 1203 3766 l.
1231 3719 1279 3767 d.
1317 3732 1366 3781 p.
1393 3718 1489 3768 358
1527 3719 1629 3767 hoc
1653 3722 1935 3783 praecepit:
1975 3720 2183 3780 „Dees
2202 3730 2223 3768 t
2258 3718 2550 3783 disyllabon

389 3807 467 3853 ·et
501 3804 668 3868 priore
705 3803 864 3866 longa
890 3803 1049 3867 ponit.
1076 3802 1307 3853 Lib.10:
1345 3802 1479 3852 Nec
1517 3805 1697 3853 deest
1732 3806 2003 3869 coeptis.
2077 3808 2137 3854 11
2176 3804 2380 3854 Deest
2416 3820 2553 3855 ser·

415 3889 572 3937 vitio
611 3888 852 3951 plebes.
927 3888 1072 3949 Quae
1107 3887 1296 3937 frustra
1331 3889 1426 3937 viri
1463 3890 1597 3938 docti
1622 3884 1850 3940 habuere
1880 3898 2130 3953 suspecta.
2171 3890 2559 3939 Restituendum

413 3974 566 4023 immo
603 3978 656 4023 et
691 3976 738 4038 8,
777 3974 900 4024 236:
953 3973 1155 4023 nullis
1193 3975 1380 4024 deest
1417 3989 1529 4049 sup
1565 3974 1791 4023 fabula
1827 3976 2085 4025 mensis.
2156 3974 2243 4027 Sic
2280 3976 2411 4024 enim
2452 3990 2555 4025 me-

413 4059 828 4123 lioresplurimi:
865 4058 958 4107 alii
991 4059 1144 4123 jam,
1191 4060 1431 4123 aliique
1467 4074 1735 4125 perperam
1769 4060 2113 4125 interponunt.
2184 4058 2271 4109 Sic
2309 4066 2363 4108 et
2398 4060 2485 4108 lib.
2525 4060 2555 4108 6

415 4158 609 4195 vacuus
647 4145 854 4193 domino
892 4145 1184 4208 praeiret
1218 4142 1432 4195 Arion.“
1503 4144 1867 4209 Comprobavit
1900 4144 2024 4193 haec
2052 4145 2257 4195 omuino
2278 4144 2555 4205 Queckius,

416 4244 650 4293 magnam
701 4237 900 4294 partem
937 4230 1240 4281 Duebnerus
1295 4226 1467 4292 (vm.
1523 4232 1622 4280 236
1676 4246 1726 4295 p.
1780 4230 1879 4281 321
1940 4229 2005 4280 cf.
2055 4228 2123 4278 X.
2162 4231 2260 4279 236
2315 4246 2362 4293 p.
2418 4226 2557 4291 332).

416 4314 532 4379 Ego
572 4330 690 4365 vero
726 4314 807 4363 vel
844 4316 956 4375 hoc,
995 4317 1129 4379 quod
1168 4300 1354 4379 legitur
1391 4310 1544 4373 Vm.
1579 4316 1707 4366 386:
1778 4313 1978 4365 Cuncta
2012 4316 2243 4381 phalanx
2294 4316 2385 4365 sibi
2443 4317 2555 4364 de·

417 4416 556 4451 esse
591 4402 784 4465 putat.“
854 4400 919 4452 X.
957 4402 1083 4451 437:
1157 4401 1484 4451 Summumne
1519 4402 1617 4451 hoc
1652 4402 1895 4463 cladibus,
1950 4401 2128 4465 inquit,
2166 4400 2445 4463 Deerat,
2500 4406 2559 4449 ut

2054 4488 2114 4534 17
