<?xml version="1.0" encoding="UTF-8"?>
<!DOCTYPE html PUBLIC "-//W3C//DTD XHTML 1.0 Transitional//EN"
    "http://www.w3.org/TR/xhtml1/DTD/xhtml1-transitional.dtd">
<html xmlns="http://www.w3.org/1999/xhtml" xml:lang="en" lang="en">
 <head>
  <title>
</title>
<meta http-equiv="Content-Type" content="text/html;charset=utf-8" />
  <meta name='ocr-system' content='tesseract 3.04.00' />
  <meta name='ocr-capabilities' content='ocr_page ocr_carea ocr_par ocr_line ocrx_word'/>
</head>
<body>
  <div class='ocr_page' id='page_1' title='image "./ppapiniistatiie00ungegoog_0189.png"; bbox 0 0 3234 4967; ppageno 0'>
   <div class='ocr_carea' id='block_1_1' title="bbox 1370 378 2744 455">
    <p class='ocr_par' dir='ltr' id='par_1_1' title="bbox 1370 378 2744 455">
     <span class='ocr_line' id='line_1_1' title="bbox 1370 378 2744 455; baseline -0.002 -13"><span class='ocrx_word' id='word_1_1' title='bbox 1370 390 1661 455; x_wconf 73' lang='lat' dir='ltr'>conject.</span> <span class='ocrx_word' id='word_1_2' title='bbox 1699 391 1794 440; x_wconf 84' lang='lat' dir='ltr'>VI.</span> <span class='ocrx_word' id='word_1_3' title='bbox 2489 378 2493 383; x_wconf 64' lang='grc'>’</span> <span class='ocrx_word' id='word_1_4' title='bbox 2556 392 2652 440; x_wconf 82' lang='grc'>181</span> <span class='ocrx_word' id='word_1_5' title='bbox 2739 386 2744 391; x_wconf 74' lang='grc'><strong>’</strong></span> 
     </span>
    </p>
   </div>
   <div class='ocr_carea' id='block_1_2' title="bbox 412 561 2656 1210">
    <p class='ocr_par' dir='ltr' id='par_1_2' title="bbox 461 561 2656 715">
     <span class='ocr_line' id='line_1_2' title="bbox 510 561 2652 629; baseline -0.003 -12"><span class='ocrx_word' id='word_1_6' title='bbox 510 564 657 617; x_wconf 84' lang='lat' dir='ltr'>Obss.</span> <span class='ocrx_word' id='word_1_7' title='bbox 696 565 826 615; x_wconf 79' lang='lat' dir='ltr'>Nov.</span> <span class='ocrx_word' id='word_1_8' title='bbox 862 566 903 613; x_wconf 90' lang='lat'>1.</span> <span class='ocrx_word' id='word_1_9' title='bbox 945 581 994 629; x_wconf 87' lang='lat' dir='ltr'>p.</span> <span class='ocrx_word' id='word_1_10' title='bbox 1037 566 1135 615; x_wconf 88' lang='lat'>130</span> <span class='ocrx_word' id='word_1_11' title='bbox 1182 565 1415 628; x_wconf 82' lang='lat' dir='ltr'>idemque</span> <span class='ocrx_word' id='word_1_12' title='bbox 1452 562 1609 613; x_wconf 86' lang='lat' dir='ltr'>Silius</span> <span class='ocrx_word' id='word_1_13' title='bbox 1647 561 1688 611; x_wconf 89' lang='lat'>1.</span> <span class='ocrx_word' id='word_1_14' title='bbox 1726 562 1854 612; x_wconf 81' lang='lat'>459:</span> <span class='ocrx_word' id='word_1_15' title='bbox 1909 562 2010 610; x_wconf 84' lang='lat' dir='ltr'>ruit</span> <span class='ocrx_word' id='word_1_16' title='bbox 2066 562 2206 611; x_wconf 83' lang='lat' dir='ltr'>ocius</span> <span class='ocrx_word' id='word_1_17' title='bbox 2256 576 2426 611; x_wconf 82' lang='lat' dir='ltr'>amens</span> <span class='ocrx_word' id='word_1_18' title='bbox 2473 562 2652 627; x_wconf 83' lang='lat' dir='ltr'>Lym-</span> 
     </span>
     <span class='ocr_line' id='line_1_3' title="bbox 461 645 2656 715; baseline -0.004 -11"><span class='ocrx_word' id='word_1_19' title='bbox 461 701 463 704; x_wconf 81' lang='grc'><strong>,</strong></span> <span class='ocrx_word' id='word_1_20' title='bbox 505 652 705 715; x_wconf 80' lang='lat' dir='ltr'>phato</span> <span class='ocrx_word' id='word_1_21' title='bbox 742 650 983 701; x_wconf 84' lang='lat' dir='ltr'>eursu“</span> <span class='ocrx_word' id='word_1_22' title='bbox 1022 649 1086 699; x_wconf 75' lang='lat' dir='ltr'>cf.</span> <span class='ocrx_word' id='word_1_23' title='bbox 1125 649 1283 700; x_wconf 83' lang='lat' dir='ltr'>Drak.</span> <span class='ocrx_word' id='word_1_24' title='bbox 1323 666 1355 713; x_wconf 83' lang='lat' dir='ltr'>p</span> <span class='ocrx_word' id='word_1_25' title='bbox 1390 650 1471 699; x_wconf 85' lang='lat'>41.</span> <span class='ocrx_word' id='word_1_26' title='bbox 1530 646 1700 697; x_wconf 79' lang='lat' dir='ltr'>Gloss,</span> <span class='ocrx_word' id='word_1_27' title='bbox 1737 645 1860 695; x_wconf 79' lang='lat' dir='ltr'>Mai.</span> <span class='ocrx_word' id='word_1_28' title='bbox 1901 646 1992 695; x_wconf 87' lang='lat' dir='ltr'>VI.</span> <span class='ocrx_word' id='word_1_29' title='bbox 2031 647 2156 697; x_wconf 79' lang='lat'><strong>532:</strong></span> <span class='ocrx_word' id='word_1_30' title='bbox 2193 648 2496 711; x_wconf 77' lang='lat' dir='ltr'>ly-nphat01·‚</span> <span class='ocrx_word' id='word_1_31' title='bbox 2533 647 2656 695; x_wconf 77' lang='lat' dir='ltr'>bac-</span> 
     </span>
    </p>

    <p class='ocr_par' dir='ltr' id='par_1_3' title="bbox 517 730 2654 800">
     <span class='ocr_line' id='line_1_4' title="bbox 517 730 2654 800; baseline -0.002 -15"><span class='ocrx_word' id='word_1_32' title='bbox 517 738 711 786; x_wconf 82' lang='lat' dir='ltr'>chator.</span> <span class='ocrx_word' id='word_1_33' title='bbox 752 735 924 787; x_wconf 86' lang='lat' dir='ltr'>Gloss.</span> <span class='ocrx_word' id='word_1_34' title='bbox 951 734 1193 800; x_wconf 88' lang='lat' dir='ltr'>Amplon.</span> <span class='ocrx_word' id='word_1_35' title='bbox 1230 750 1275 798; x_wconf 91' lang='lat' dir='ltr'>p.</span> <span class='ocrx_word' id='word_1_36' title='bbox 1298 734 1413 793; x_wconf 85' lang='lat'>347,</span> <span class='ocrx_word' id='word_1_37' title='bbox 1444 735 1531 785; x_wconf 81' lang='lat'>56:</span> <span class='ocrx_word' id='word_1_38' title='bbox 1572 732 1928 795; x_wconf 83' lang='lat' dir='ltr'>‚‚limphatus,</span> <span class='ocrx_word' id='word_1_39' title='bbox 1966 732 2273 781; x_wconf 77' lang='lat' dir='ltr'>bacchatu-s“</span> <span class='ocrx_word' id='word_1_40' title='bbox 2314 730 2462 796; x_wconf 84' lang='lat' dir='ltr'>(Hor.</span> <span class='ocrx_word' id='word_1_41' title='bbox 2486 730 2654 782; x_wconf 73' lang='lat' dir='ltr'>Cat-m.</span> 
     </span>
    </p>

    <p class='ocr_par' dir='ltr' id='par_1_4' title="bbox 510 816 2654 884">
     <span class='ocr_line' id='line_1_5' title="bbox 510 816 2654 884; baseline -0 -13"><span class='ocrx_word' id='word_1_42' title='bbox 510 821 607 873; x_wconf 86' lang='lat'>111.</span> <span class='ocrx_word' id='word_1_43' title='bbox 634 823 681 882; x_wconf 91' lang='grc'>3,</span> <span class='ocrx_word' id='word_1_44' title='bbox 713 823 805 873; x_wconf 81' lang='lat'>55:</span> <span class='ocrx_word' id='word_1_45' title='bbox 842 820 993 881; x_wconf 72' lang='lat' dir='ltr'>„Qua</span> <span class='ocrx_word' id='word_1_46' title='bbox 1030 827 1173 884; x_wconf 84' lang='lat' dir='ltr'>parte</span> <span class='ocrx_word' id='word_1_47' title='bbox 1210 818 1690 869; x_wconf 79' lang='lat' dir='ltr'>debacchentur</span> <span class='ocrx_word' id='word_1_48' title='bbox 1723 816 1926 879; x_wconf 75' lang='lat' dir='ltr'>igneS.“</span> <span class='ocrx_word' id='word_1_49' title='bbox 1961 816 2171 867; x_wconf 87' lang='lat' dir='ltr'>Mitsch.</span> <span class='ocrx_word' id='word_1_50' title='bbox 2193 817 2337 876; x_wconf 79' lang='lat'>1.25‚</span> <span class='ocrx_word' id='word_1_51' title='bbox 2363 819 2419 866; x_wconf 89' lang='lat'>11</span> <span class='ocrx_word' id='word_1_52' title='bbox 2443 833 2492 881; x_wconf 87' lang='lat' dir='ltr'>p.</span> <span class='ocrx_word' id='word_1_53' title='bbox 2514 816 2654 879; x_wconf 79' lang='lat'>243).</span> 
     </span>
    </p>

    <p class='ocr_par' dir='ltr' id='par_1_5' title="bbox 510 900 2656 975">
     <span class='ocr_line' id='line_1_6' title="bbox 510 900 2656 975; baseline -0.002 -18"><span class='ocrx_word' id='word_1_54' title='bbox 510 906 625 975; x_wconf 82' lang='lat' dir='ltr'>Seu.</span> <span class='ocrx_word' id='word_1_55' title='bbox 664 904 806 955; x_wconf 86' lang='lat' dir='ltr'>Med.</span> <span class='ocrx_word' id='word_1_56' title='bbox 846 906 968 955; x_wconf 82' lang='lat'>385:</span> <span class='ocrx_word' id='word_1_57' title='bbox 1024 905 1167 956; x_wconf 80' lang='lat' dir='ltr'>Talis</span> <span class='ocrx_word' id='word_1_58' title='bbox 1205 912 1427 953; x_wconf 84' lang='lat' dir='ltr'>recursat</span> <span class='ocrx_word' id='word_1_59' title='bbox 1483 900 1585 951; x_wconf 89' lang='lat' dir='ltr'>huc</span> <span class='ocrx_word' id='word_1_60' title='bbox 1623 914 1672 951; x_wconf 81' lang='lat' dir='ltr'>et</span> <span class='ocrx_word' id='word_1_61' title='bbox 1707 903 1810 951; x_wconf 85' lang='lat' dir='ltr'>huc</span> <span class='ocrx_word' id='word_1_62' title='bbox 1861 909 2000 951; x_wconf 87' lang='lat' dir='ltr'>motu</span> <span class='ocrx_word' id='word_1_63' title='bbox 2059 900 2216 953; x_wconf 48' lang='lat' dir='ltr'>effero*</span> <span class='ocrx_word' id='word_1_64' title='bbox 2257 902 2530 951; x_wconf 77' lang='lat' dir='ltr'>Furoris</span> <span class='ocrx_word' id='word_1_65' title='bbox 2565 916 2656 952; x_wconf 84' lang='lat' dir='ltr'>ore</span> 
     </span>
    </p>

    <p class='ocr_par' dir='ltr' id='par_1_6' title="bbox 510 976 2656 1063">
     <span class='ocr_line' id='line_1_7' title="bbox 510 976 2656 1063; baseline -0.002 -23"><span class='ocrx_word' id='word_1_66' title='bbox 510 976 655 1063; x_wconf 75' lang='lat' dir='ltr'>sigua</span> <span class='ocrx_word' id='word_1_67' title='bbox 689 990 1009 1055; x_wconf 82' lang='lat' dir='ltr'>lymphati</span> <span class='ocrx_word' id='word_1_68' title='bbox 1056 989 1289 1052; x_wconf 86' lang='lat' dir='ltr'>gerens.“</span> <span class='ocrx_word' id='word_1_69' title='bbox 1364 988 1543 1038; x_wconf 84' lang='lat' dir='ltr'>Boeth.</span> <span class='ocrx_word' id='word_1_70' title='bbox 1594 985 1748 1039; x_wconf 82' lang='lat' dir='ltr'>Cous.</span> <span class='ocrx_word' id='word_1_71' title='bbox 1796 986 1930 1037; x_wconf 87' lang='lat' dir='ltr'>Phil.</span> <span class='ocrx_word' id='word_1_72' title='bbox 1967 990 2005 1037; x_wconf 87' lang='grc' dir='ltr'>Ι.</span> <span class='ocrx_word' id='word_1_73' title='bbox 2047 989 2078 1038; x_wconf 89' lang='lat'><strong>3</strong></span> <span class='ocrx_word' id='word_1_74' title='bbox 2122 1004 2172 1051; x_wconf 88' lang='lat' dir='ltr'>p.</span> <span class='ocrx_word' id='word_1_75' title='bbox 2210 988 2327 1039; x_wconf 76' lang='lat'>609.</span> <span class='ocrx_word' id='word_1_76' title='bbox 2365 987 2440 1037; x_wconf 83' lang='lat' dir='ltr'>A:</span> <span class='ocrx_word' id='word_1_77' title='bbox 2496 982 2656 1051; x_wconf 83' lang='lat' dir='ltr'>pessi-</span> 
     </span>
    </p>

    <p class='ocr_par' dir='ltr' id='par_1_7' title="bbox 412 1071 2656 1210">
     <span class='ocr_line' id='line_1_8' title="bbox 513 1071 2656 1142; baseline -0.002 -17"><span class='ocrx_word' id='word_1_78' title='bbox 513 1090 707 1125; x_wconf 86' lang='lat' dir='ltr'>morum</span> <span class='ocrx_word' id='word_1_79' title='bbox 746 1076 999 1125; x_wconf 83' lang='lat' dir='ltr'>exercitus</span> <span class='ocrx_word' id='word_1_80' title='bbox 1046 1087 1267 1123; x_wconf 86' lang='lat' dir='ltr'>errore</span> <span class='ocrx_word' id='word_1_81' title='bbox 1310 1080 1503 1123; x_wconf 83' lang='lat' dir='ltr'>tantum</span> <span class='ocrx_word' id='word_1_82' title='bbox 1543 1081 1732 1125; x_wconf 81' lang='lat' dir='ltr'>temere</span> <span class='ocrx_word' id='word_1_83' title='bbox 1770 1088 1830 1121; x_wconf 84' lang='lat' dir='ltr'>ac</span> <span class='ocrx_word' id='word_1_84' title='bbox 1875 1074 2065 1142; x_wconf 81' lang='lat' dir='ltr'>passim</span> <span class='ocrx_word' id='word_1_85' title='bbox 2120 1071 2490 1140; x_wconf 78' lang='lat' dir='ltr'><strong>lymphante</strong></span> <span class='ocrx_word' id='word_1_86' title='bbox 2543 1087 2656 1137; x_wconf 84' lang='lat' dir='ltr'>rap-</span> 
     </span>
     <span class='ocr_line' id='line_1_9' title="bbox 412 1154 1363 1210; baseline -0.003 0"><span class='ocrx_word' id='word_1_87' title='bbox 412 1200 417 1205; x_wconf 87' lang='lat'><em>.</em></span> <span class='ocrx_word' id='word_1_88' title='bbox 512 1160 696 1210; x_wconf 80' lang='lat' dir='ltr'>tatur.“</span> <span class='ocrx_word' id='word_1_89' title='bbox 1358 1154 1363 1160; x_wconf 81' lang='grc'><strong>’</strong></span> 
     </span>
    </p>
   </div>
   <div class='ocr_carea' id='block_1_3' title="bbox 1500 1498 1670 1581">
    <p class='ocr_par' dir='ltr' id='par_1_8' title="bbox 1500 1498 1670 1581">
     <span class='ocr_line' id='line_1_10' title="bbox 1500 1498 1670 1581; baseline -0.006 0"><span class='ocrx_word' id='word_1_90' title='bbox 1500 1498 1670 1581; x_wconf 88' lang='lat' dir='ltr'>vl.</span> 
     </span>
    </p>
   </div>
   <div class='ocr_carea' id='block_1_4' title="bbox 514 1678 2716 4471">
    <p class='ocr_par' dir='ltr' id='par_1_9' title="bbox 515 1678 2660 1919">
     <span class='ocr_line' id='line_1_11' title="bbox 653 1678 2660 1749; baseline 0 -22"><span class='ocrx_word' id='word_1_91' title='bbox 653 1680 815 1727; x_wconf 84' lang='lat' dir='ltr'>Porro</span> <span class='ocrx_word' id='word_1_92' title='bbox 852 1692 1125 1743; x_wconf 78' lang='lat' dir='ltr'><strong>urgeamus</strong></span> <span class='ocrx_word' id='word_1_93' title='bbox 1162 1681 1433 1749; x_wconf 76' lang='lat' dir='ltr'>inceptum.</span> <span class='ocrx_word' id='word_1_94' title='bbox 1508 1678 1673 1739; x_wconf 81' lang='lat' dir='ltr'>Quem</span> <span class='ocrx_word' id='word_1_95' title='bbox 1712 1678 1843 1728; x_wconf 89' lang='lat' dir='ltr'>enim</span> <span class='ocrx_word' id='word_1_96' title='bbox 1891 1678 2058 1727; x_wconf 89' lang='lat' dir='ltr'>locum</span> <span class='ocrx_word' id='word_1_97' title='bbox 2106 1678 2403 1741; x_wconf 83' lang='lat' dir='ltr'>„insiguiter</span> <span class='ocrx_word' id='word_1_98' title='bbox 2447 1690 2660 1741; x_wconf 85' lang='lat' dir='ltr'>corrup-</span> 
     </span>
     <span class='ocr_line' id='line_1_12' title="bbox 515 1762 2659 1827; baseline -0 -15"><span class='ocrx_word' id='word_1_99' title='bbox 515 1770 619 1813; x_wconf 88' lang='lat' dir='ltr'>tum</span> <span class='ocrx_word' id='word_1_100' title='bbox 654 1764 797 1813; x_wconf 89' lang='lat' dir='ltr'>esse“</span> <span class='ocrx_word' id='word_1_101' title='bbox 836 1770 1201 1813; x_wconf 81' lang='lat' dir='ltr'>consenserunt</span> <span class='ocrx_word' id='word_1_102' title='bbox 1238 1765 1372 1813; x_wconf 84' lang='lat' dir='ltr'>docti</span> <span class='ocrx_word' id='word_1_103' title='bbox 1409 1764 1642 1813; x_wconf 82' lang='lat' dir='ltr'>homines</span> <span class='ocrx_word' id='word_1_104' title='bbox 1678 1764 1775 1827; x_wconf 87' lang='lat' dir='ltr'>ipsi</span> <span class='ocrx_word' id='word_1_105' title='bbox 1819 1765 1873 1812; x_wconf 89' lang='lat' dir='ltr'>in</span> <span class='ocrx_word' id='word_1_106' title='bbox 1923 1771 2066 1813; x_wconf 83' lang='lat' dir='ltr'>tanta</span> <span class='ocrx_word' id='word_1_107' title='bbox 2111 1764 2334 1813; x_wconf 84' lang='lat' dir='ltr'>remedia</span> <span class='ocrx_word' id='word_1_108' title='bbox 2383 1762 2659 1827; x_wconf 77' lang='lat' dir='ltr'>quaerendi</span> 
     </span>
     <span class='ocr_line' id='line_1_13' title="bbox 515 1848 2312 1919; baseline 0.001 -22"><span class='ocrx_word' id='word_1_109' title='bbox 515 1849 811 1898; x_wconf 75' lang='lat' dir='ltr'>diversitate</span> <span class='ocrx_word' id='word_1_110' title='bbox 847 1850 1051 1919; x_wconf 76' lang='lat' dir='ltr'>versati,</span> <span class='ocrx_word' id='word_1_111' title='bbox 1090 1864 1199 1897; x_wconf 82' lang='lat' dir='ltr'>cam</span> <span class='ocrx_word' id='word_1_112' title='bbox 1239 1857 1296 1899; x_wconf 84' lang='lat' dir='ltr'>ut</span> <span class='ocrx_word' id='word_1_113' title='bbox 1336 1848 1525 1899; x_wconf 79' lang='lat' dir='ltr'>referre</span> <span class='ocrx_word' id='word_1_114' title='bbox 1564 1852 1619 1898; x_wconf 84' lang='lat' dir='ltr'>et</span> <span class='ocrx_word' id='word_1_115' title='bbox 1657 1850 1838 1913; x_wconf 77' lang='lat' dir='ltr'>exequi</span> <span class='ocrx_word' id='word_1_116' title='bbox 1876 1850 2066 1913; x_wconf 86' lang='lat' dir='ltr'>pigeat,</span> <span class='ocrx_word' id='word_1_117' title='bbox 2103 1865 2148 1897; x_wconf 80' lang='lat' dir='ltr'>v.</span> <span class='ocrx_word' id='word_1_118' title='bbox 2187 1850 2312 1899; x_wconf 83' lang='lat'>231:</span> 
     </span>
    </p>

    <p class='ocr_par' dir='ltr' id='par_1_10' title="bbox 888 1933 2308 1999">
     <span class='ocr_line' id='line_1_14' title="bbox 888 1933 2308 1999; baseline -0.001 -16"><span class='ocrx_word' id='word_1_119' title='bbox 888 1933 1017 1983; x_wconf 80' lang='lat' dir='ltr'>Nam</span> <span class='ocrx_word' id='word_1_120' title='bbox 1058 1935 1195 1999; x_wconf 89' lang='lat' dir='ltr'>quod</span> <span class='ocrx_word' id='word_1_121' title='bbox 1234 1950 1313 1983; x_wconf 85' lang='lat' dir='ltr'>me</span> <span class='ocrx_word' id='word_1_122' title='bbox 1351 1936 1512 1985; x_wconf 84' lang='lat' dir='ltr'>mixta</span> <span class='ocrx_word' id='word_1_123' title='bbox 1550 1948 1770 1997; x_wconf 81' lang='lat' dir='ltr'>quercus</span> <span class='ocrx_word' id='word_1_124' title='bbox 1807 1948 1914 1983; x_wconf 86' lang='lat' dir='ltr'>non</span> <span class='ocrx_word' id='word_1_125' title='bbox 1947 1936 2131 1998; x_wconf 79' lang='lat' dir='ltr'><strong>pressit</strong></span> <span class='ocrx_word' id='word_1_126' title='bbox 2167 1934 2308 1982; x_wconf 83' lang='lat' dir='ltr'>oliva</span> 
     </span>
    </p>

    <p class='ocr_par' dir='ltr' id='par_1_11' title="bbox 891 2009 2196 2083">
     <span class='ocr_line' id='line_1_15' title="bbox 891 2009 2196 2083; baseline 0 -14"><span class='ocrx_word' id='word_1_127' title='bbox 891 2020 959 2069; x_wconf 77' lang='lat' dir='ltr'>Et</span> <span class='ocrx_word' id='word_1_128' title='bbox 992 2018 1127 2083; x_wconf 81' lang='lat' dir='ltr'>fugit</span> <span class='ocrx_word' id='word_1_129' title='bbox 1162 2028 1393 2083; x_wconf 82' lang='lat' dir='ltr'>speratus</span> <span class='ocrx_word' id='word_1_130' title='bbox 1429 2020 1597 2069; x_wconf 87' lang='lat' dir='ltr'>honos</span> <span class='ocrx_word' id='word_1_131' title='bbox 1635 2034 1748 2069; x_wconf 89' lang='lat' dir='ltr'>cum</span> <span class='ocrx_word' id='word_1_132' title='bbox 1787 2020 1935 2069; x_wconf 87' lang='lat' dir='ltr'>dulce</span> <span class='ocrx_word' id='word_1_133' title='bbox 1973 2009 2196 2083; x_wconf 82' lang='lat' dir='ltr'>parentis</span> 
     </span>
    </p>

    <p class='ocr_par' dir='ltr' id='par_1_12' title="bbox 890 2105 2135 2169">
     <span class='ocr_line' id='line_1_16' title="bbox 890 2105 2135 2169; baseline 0 -16"><span class='ocrx_word' id='word_1_134' title='bbox 890 2105 1073 2154; x_wconf 84' lang='lat' dir='ltr'>Invida</span> <span class='ocrx_word' id='word_1_135' title='bbox 1110 2105 1318 2169; x_wconf 84' lang='lat' dir='ltr'>Tarpeji</span> <span class='ocrx_word' id='word_1_136' title='bbox 1356 2112 1561 2154; x_wconf 78' lang='lat' dir='ltr'>caneret</span> <span class='ocrx_word' id='word_1_137' title='bbox 1595 2112 1646 2154; x_wconf 89' lang='lat' dir='ltr'>te</span> <span class='ocrx_word' id='word_1_138' title='bbox 1685 2110 1856 2153; x_wconf 82' lang='lat' dir='ltr'>nostra</span> <span class='ocrx_word' id='word_1_139' title='bbox 1892 2105 2135 2167; x_wconf 82' lang='lat' dir='ltr'>magistro</span> 
     </span>
    </p>

    <p class='ocr_par' dir='ltr' id='par_1_13' title="bbox 516 2190 2716 4301">
     <span class='ocr_line' id='line_1_17' title="bbox 890 2190 1129 2251; baseline 0.004 -13"><span class='ocrx_word' id='word_1_140' title='bbox 890 2190 1129 2251; x_wconf 84' lang='lat' dir='ltr'>Thebais,</span> 
     </span>
     <span class='ocr_line' id='line_1_18' title="bbox 518 2274 2662 2339; baseline -0.001 -14"><span class='ocrx_word' id='word_1_141' title='bbox 518 2292 632 2325; x_wconf 85' lang='lat' dir='ltr'>eum</span> <span class='ocrx_word' id='word_1_142' title='bbox 668 2276 721 2325; x_wconf 89' lang='lat' dir='ltr'>in</span> <span class='ocrx_word' id='word_1_143' title='bbox 744 2275 1012 2339; x_wconf 85' lang='lat' dir='ltr'>prist-inum</span> <span class='ocrx_word' id='word_1_144' title='bbox 1045 2282 1227 2324; x_wconf 85' lang='lat' dir='ltr'>statum</span> <span class='ocrx_word' id='word_1_145' title='bbox 1264 2276 1571 2326; x_wconf 84' lang='lat' dir='ltr'>restituendi</span> <span class='ocrx_word' id='word_1_146' title='bbox 1604 2274 1897 2325; x_wconf 76' lang='lat' dir='ltr'><strong>facultatem</strong></span> <span class='ocrx_word' id='word_1_147' title='bbox 1922 2274 2135 2339; x_wconf 78' lang='lat' dir='ltr'>praebet</span> <span class='ocrx_word' id='word_1_148' title='bbox 2155 2275 2286 2324; x_wconf 88' lang='lat' dir='ltr'>idem</span> <span class='ocrx_word' id='word_1_149' title='bbox 2310 2274 2462 2325; x_wconf 84' lang='lat' dir='ltr'>liber.·</span> <span class='ocrx_word' id='word_1_150' title='bbox 2509 2274 2662 2337; x_wconf 83' lang='lat' dir='ltr'>Quod</span> 
     </span>
     <span class='ocr_line' id='line_1_19' title="bbox 518 2358 2663 2425; baseline 0 -16"><span class='ocrx_word' id='word_1_151' title='bbox 518 2360 654 2409; x_wconf 85' lang='lat' dir='ltr'>enim</span> <span class='ocrx_word' id='word_1_152' title='bbox 703 2361 755 2409; x_wconf 90' lang='lat' dir='ltr'>in</span> <span class='ocrx_word' id='word_1_153' title='bbox 804 2374 863 2409; x_wconf 90' lang='lat' dir='ltr'>eo</span> <span class='ocrx_word' id='word_1_154' title='bbox 910 2369 1103 2412; x_wconf 83' lang='lat' dir='ltr'>manet:</span> <span class='ocrx_word' id='word_1_155' title='bbox 1161 2376 1279 2425; x_wconf 85' lang='lat' dir='ltr'>qua</span> <span class='ocrx_word' id='word_1_156' title='bbox 1320 2360 1469 2409; x_wconf 82' lang='lat' dir='ltr'>dulce</span> <span class='ocrx_word' id='word_1_157' title='bbox 1522 2358 1638 2423; x_wconf 90' lang='lat' dir='ltr'>(nec</span> <span class='ocrx_word' id='word_1_158' title='bbox 1683 2360 1976 2423; x_wconf 83' lang='lat' dir='ltr'>discrepant</span> <span class='ocrx_word' id='word_1_159' title='bbox 2027 2360 2271 2410; x_wconf 77' lang='lat' dir='ltr'>editiones</span> <span class='ocrx_word' id='word_1_160' title='bbox 2307 2360 2475 2410; x_wconf 85' lang='lat' dir='ltr'>Parm.</span> <span class='ocrx_word' id='word_1_161' title='bbox 2513 2361 2663 2411; x_wconf 89' lang='lat' dir='ltr'>Rom.</span> 
     </span>
     <span class='ocr_line' id='line_1_20' title="bbox 518 2446 2662 2510; baseline -0 -15"><span class='ocrx_word' id='word_1_162' title='bbox 518 2446 707 2495; x_wconf 86' lang='lat' dir='ltr'>Venet.</span> <span class='ocrx_word' id='word_1_163' title='bbox 749 2454 838 2496; x_wconf 84' lang='lat' dir='ltr'>aut</span> <span class='ocrx_word' id='word_1_164' title='bbox 874 2448 1091 2507; x_wconf 83' lang='lat' dir='ltr'>codices,</span> <span class='ocrx_word' id='word_1_165' title='bbox 1130 2461 1261 2510; x_wconf 85' lang='lat' dir='ltr'>quos</span> <span class='ocrx_word' id='word_1_166' title='bbox 1285 2460 1349 2495; x_wconf 88' lang='lat' dir='ltr'>ne</span> <span class='ocrx_word' id='word_1_167' title='bbox 1372 2446 1620 2496; x_wconf 85' lang='lat' dir='ltr'>Imhofius</span> <span class='ocrx_word' id='word_1_168' title='bbox 1647 2446 1846 2510; x_wconf 88' lang='lat' dir='ltr'>quidem</span> <span class='ocrx_word' id='word_1_169' title='bbox 1875 2446 2304 2506; x_wconf 82' lang='lat' dir='ltr'>commemoravit,</span> <span class='ocrx_word' id='word_1_170' title='bbox 2332 2446 2485 2496; x_wconf 82' lang='lat' dir='ltr'>Voss.</span> <span class='ocrx_word' id='word_1_171' title='bbox 2505 2446 2662 2495; x_wconf 82' lang='lat' dir='ltr'>Dorv.</span> 
     </span>
     <span class='ocr_line' id='line_1_21' title="bbox 516 2528 2663 2597; baseline 0.001 -18"><span class='ocrx_word' id='word_1_172' title='bbox 516 2546 595 2595; x_wconf 82' lang='lat' dir='ltr'>ap.</span> <span class='ocrx_word' id='word_1_173' title='bbox 635 2531 767 2583; x_wconf 80' lang='lat' dir='ltr'>Oud.</span> <span class='ocrx_word' id='word_1_174' title='bbox 808 2530 1021 2582; x_wconf 87' lang='lat' dir='ltr'>Sueton.</span> <span class='ocrx_word' id='word_1_175' title='bbox 1060 2532 1249 2582; x_wconf 87' lang='lat' dir='ltr'>Domit.</span> <span class='ocrx_word' id='word_1_176' title='bbox 1288 2532 1321 2581; x_wconf 89' lang='lat'>4</span> <span class='ocrx_word' id='word_1_177' title='bbox 1356 2547 1403 2595; x_wconf 85' lang='lat' dir='ltr'>p.</span> <span class='ocrx_word' id='word_1_178' title='bbox 1428 2528 1584 2594; x_wconf 85' lang='lat'>904),</span> <span class='ocrx_word' id='word_1_179' title='bbox 1634 2531 1686 2579; x_wconf 89' lang='lat' dir='ltr'>id</span> <span class='ocrx_word' id='word_1_180' title='bbox 1724 2544 1831 2579; x_wconf 87' lang='lat' dir='ltr'>non</span> <span class='ocrx_word' id='word_1_181' title='bbox 1867 2529 2114 2595; x_wconf 71' lang='lat' dir='ltr'>perplexe</span> <span class='ocrx_word' id='word_1_182' title='bbox 2153 2528 2334 2592; x_wconf 83' lang='lat' dir='ltr'>(Anal.</span> <span class='ocrx_word' id='word_1_183' title='bbox 2371 2530 2527 2597; x_wconf 87' lang='lat' dir='ltr'>Prop.</span> <span class='ocrx_word' id='word_1_184' title='bbox 2563 2530 2663 2581; x_wconf 86' lang='grc' dir='ltr'><strong>ΙΙΙ.</strong></span> 
     </span>
     <span class='ocr_line' id='line_1_22' title="bbox 517 2612 2668 2680; baseline 0 -15"><span class='ocrx_word' id='word_1_185' title='bbox 517 2632 561 2679; x_wconf 88' lang='lat' dir='ltr'>p.</span> <span class='ocrx_word' id='word_1_186' title='bbox 586 2613 675 2678; x_wconf 88' lang='grc'>17)</span> <span class='ocrx_word' id='word_1_187' title='bbox 712 2618 881 2680; x_wconf 79' lang='lat' dir='ltr'>arguit</span> <span class='ocrx_word' id='word_1_188' title='bbox 904 2618 1181 2680; x_wconf 85' lang='lat' dir='ltr'>antiquitus</span> <span class='ocrx_word' id='word_1_189' title='bbox 1207 2618 1287 2665; x_wconf 89' lang='lat' dir='ltr'>hic</span> <span class='ocrx_word' id='word_1_190' title='bbox 1314 2616 1552 2679; x_wconf 81' lang='lat' dir='ltr'>scriptum</span> <span class='ocrx_word' id='word_1_191' title='bbox 1579 2616 1758 2665; x_wconf 79' lang='lat' dir='ltr'>fuisse:</span> <span class='ocrx_word' id='word_1_192' title='bbox 1799 2630 1982 2679; x_wconf 80' lang='lat' dir='ltr'>quam</span> <span class='ocrx_word' id='word_1_193' title='bbox 2021 2612 2190 2676; x_wconf 83' lang='lat' dir='ltr'>dulce,</span> <span class='ocrx_word' id='word_1_194' title='bbox 2227 2623 2284 2665; x_wconf 89' lang='lat' dir='ltr'>ut</span> <span class='ocrx_word' id='word_1_195' title='bbox 2312 2616 2443 2665; x_wconf 85' lang='lat' dir='ltr'>infra</span> <span class='ocrx_word' id='word_1_196' title='bbox 2469 2631 2514 2667; x_wconf 85' lang='lat' dir='ltr'>v.</span> <span class='ocrx_word' id='word_1_197' title='bbox 2541 2616 2668 2666; x_wconf 81' lang='lat'>248:</span> 
     </span>
     <span class='ocr_line' id='line_1_23' title="bbox 517 2699 2658 2764; baseline 0.001 -15"><span class='ocrx_word' id='word_1_198' title='bbox 517 2715 791 2764; x_wconf 80' lang='lat' dir='ltr'>rursusque</span> <span class='ocrx_word' id='word_1_199' title='bbox 830 2703 912 2751; x_wconf 86' lang='lat' dir='ltr'>ubi</span> <span class='ocrx_word' id='word_1_200' title='bbox 952 2704 1141 2751; x_wconf 84' lang='lat' dir='ltr'>dulce</span> <span class='ocrx_word' id='word_1_201' title='bbox 1177 2702 1379 2752; x_wconf 76' lang='lat' dir='ltr'>remitti.</span> <span class='ocrx_word' id='word_1_202' title='bbox 1452 2700 1620 2749; x_wconf 87' lang='lat' dir='ltr'>Theb.</span> <span class='ocrx_word' id='word_1_203' title='bbox 1661 2699 1780 2753; x_wconf 88' lang='lat' dir='ltr'><strong>VII.</strong></span> <span class='ocrx_word' id='word_1_204' title='bbox 1821 2702 1946 2751; x_wconf 81' lang='lat'><strong>236:</strong></span> <span class='ocrx_word' id='word_1_205' title='bbox 1984 2702 2056 2749; x_wconf 85' lang='lat' dir='ltr'>ita</span> <span class='ocrx_word' id='word_1_206' title='bbox 2091 2701 2276 2752; x_wconf 77' lang='lat' dir='ltr'>dulce</span> <span class='ocrx_word' id='word_1_207' title='bbox 2311 2700 2457 2751; x_wconf 79' lang='lat' dir='ltr'>Jovi.</span> <span class='ocrx_word' id='word_1_208' title='bbox 2507 2700 2658 2751; x_wconf 86' lang='lat' dir='ltr'>VIII.</span> 
     </span>
     <span class='ocr_line' id='line_1_24' title="bbox 517 2784 2660 2841; baseline 0 -6"><span class='ocrx_word' id='word_1_209' title='bbox 517 2787 597 2836; x_wconf 88' lang='grc'>38.</span> <span class='ocrx_word' id='word_1_210' title='bbox 636 2786 701 2835; x_wconf 89' lang='grc' dir='ltr'>Χ.</span> <span class='ocrx_word' id='word_1_211' title='bbox 739 2788 856 2838; x_wconf 85' lang='lat'>480.</span> <span class='ocrx_word' id='word_1_212' title='bbox 894 2788 965 2841; x_wconf 89' lang='grc' dir='ltr'>ΙΙ.</span> <span class='ocrx_word' id='word_1_213' title='bbox 1007 2788 1118 2839; x_wconf 87' lang='grc'><strong>730.</strong></span> <span class='ocrx_word' id='word_1_214' title='bbox 1189 2787 1333 2839; x_wconf 86' lang='lat' dir='ltr'>Ovid.</span> <span class='ocrx_word' id='word_1_215' title='bbox 1373 2787 1496 2836; x_wconf 87' lang='lat' dir='ltr'>Her.</span> <span class='ocrx_word' id='word_1_216' title='bbox 1534 2784 1742 2835; x_wconf 85' lang='lat' dir='ltr'>XV111.</span> <span class='ocrx_word' id='word_1_217' title='bbox 1771 2787 1904 2835; x_wconf 73' lang='lat'>209:</span> <span class='ocrx_word' id='word_1_218' title='bbox 1940 2786 2056 2834; x_wconf 86' lang='lat' dir='ltr'>Illic</span> <span class='ocrx_word' id='word_1_219' title='bbox 2095 2812 2158 2823; x_wconf 90' lang='lat'>-—-</span> <span class='ocrx_word' id='word_1_220' title='bbox 2198 2786 2284 2836; x_wconf 91' lang='lat' dir='ltr'>ubi</span> <span class='ocrx_word' id='word_1_221' title='bbox 2322 2787 2516 2835; x_wconf 83' lang='lat' dir='ltr'>dulce</span> <span class='ocrx_word' id='word_1_222' title='bbox 2553 2802 2660 2837; x_wconf 88' lang='lat' dir='ltr'>mo-</span> 
     </span>
     <span class='ocr_line' id='line_1_25' title="bbox 518 2870 2660 2935; baseline 0.001 -16"><span class='ocrx_word' id='word_1_223' title='bbox 518 2872 633 2920; x_wconf 83' lang='lat' dir='ltr'>rari.</span> <span class='ocrx_word' id='word_1_224' title='bbox 705 2872 859 2921; x_wconf 87' lang='lat' dir='ltr'>Pont.</span> <span class='ocrx_word' id='word_1_225' title='bbox 898 2873 995 2925; x_wconf 89' lang='lat' dir='ltr'>1v.</span> <span class='ocrx_word' id='word_1_226' title='bbox 1034 2875 1082 2935; x_wconf 84' lang='lat'>9,</span> <span class='ocrx_word' id='word_1_227' title='bbox 1122 2876 1213 2923; x_wconf 78' lang='lat'>22:</span> <span class='ocrx_word' id='word_1_228' title='bbox 1264 2870 1401 2934; x_wconf 81' lang='lat' dir='ltr'>„Sed</span> <span class='ocrx_word' id='word_1_229' title='bbox 1436 2871 1569 2921; x_wconf 84' lang='lat' dir='ltr'>foret</span> <span class='ocrx_word' id='word_1_230' title='bbox 1602 2884 1636 2919; x_wconf 83' lang='lat' dir='ltr'>a</span> <span class='ocrx_word' id='word_1_231' title='bbox 1670 2872 1862 2935; x_wconf 89' lang='lat' dir='ltr'>populo</span> <span class='ocrx_word' id='word_1_232' title='bbox 1902 2879 2022 2919; x_wconf 91' lang='lat' dir='ltr'>tunc</span> <span class='ocrx_word' id='word_1_233' title='bbox 2059 2872 2179 2920; x_wconf 87' lang='lat' dir='ltr'>mihi</span> <span class='ocrx_word' id='word_1_234' title='bbox 2218 2872 2408 2923; x_wconf 86' lang='lat' dir='ltr'>dulce</span> <span class='ocrx_word' id='word_1_235' title='bbox 2453 2871 2660 2935; x_wconf 87' lang='lat' dir='ltr'>premi.“</span> 
     </span>
     <span class='ocr_line' id='line_1_26' title="bbox 516 2953 2716 3021; baseline -0.001 -14"><span class='ocrx_word' id='word_1_236' title='bbox 516 2957 585 3007; x_wconf 93' lang='lat'>11.</span> <span class='ocrx_word' id='word_1_237' title='bbox 626 2958 671 3018; x_wconf 84' lang='lat'>7,</span> <span class='ocrx_word' id='word_1_238' title='bbox 709 2959 789 3007; x_wconf 81' lang='lat'>69.</span> <span class='ocrx_word' id='word_1_239' title='bbox 846 2953 1089 3021; x_wconf 83' lang='lat' dir='ltr'>Calpurn.</span> <span class='ocrx_word' id='word_1_240' title='bbox 1128 2958 1240 3007; x_wconf 74' lang='lat' dir='ltr'>Ecl,</span> <span class='ocrx_word' id='word_1_241' title='bbox 1284 2958 1377 3007; x_wconf 91' lang='lat' dir='ltr'>VI.</span> <span class='ocrx_word' id='word_1_242' title='bbox 1416 2960 1497 3007; x_wconf 86' lang='lat'>82.</span> <span class='ocrx_word' id='word_1_243' title='bbox 1554 2956 1662 3006; x_wconf 87' lang='lat' dir='ltr'>Nec</span> <span class='ocrx_word' id='word_1_244' title='bbox 1697 2956 1824 3005; x_wconf 82' lang='lat' dir='ltr'>latet</span> <span class='ocrx_word' id='word_1_245' title='bbox 1859 2955 1958 3005; x_wconf 89' lang='lat' dir='ltr'>hoc</span> <span class='ocrx_word' id='word_1_246' title='bbox 1995 2963 2196 3020; x_wconf 83' lang='lat' dir='ltr'>poetam</span> <span class='ocrx_word' id='word_1_247' title='bbox 2233 2956 2538 3007; x_wconf 81' lang='lat' dir='ltr'>Caesaream</span> <span class='ocrx_word' id='word_1_248' title='bbox 2575 2970 2660 3006; x_wconf 89' lang='lat' dir='ltr'>co·</span> <span class='ocrx_word' id='word_1_249' title='bbox 2711 2967 2716 2973; x_wconf 89' lang='lat'><em>·</em></span> 
     </span>
     <span class='ocr_line' id='line_1_27' title="bbox 516 3040 2660 3106; baseline 0.001 -17"><span class='ocrx_word' id='word_1_250' title='bbox 516 3055 632 3090; x_wconf 81' lang='lat' dir='ltr'>uam</span> <span class='ocrx_word' id='word_1_251' title='bbox 670 3056 775 3091; x_wconf 89' lang='lat' dir='ltr'>non</span> <span class='ocrx_word' id='word_1_252' title='bbox 812 3043 1050 3105; x_wconf 81' lang='lat' dir='ltr'>adeptum</span> <span class='ocrx_word' id='word_1_253' title='bbox 1088 3042 1311 3091; x_wconf 79' lang='lat' dir='ltr'>maxime</span> <span class='ocrx_word' id='word_1_254' title='bbox 1348 3042 1547 3101; x_wconf 85' lang='lat' dir='ltr'>dolere,</span> <span class='ocrx_word' id='word_1_255' title='bbox 1595 3042 1732 3106; x_wconf 89' lang='lat' dir='ltr'>quod</span> <span class='ocrx_word' id='word_1_256' title='bbox 1764 3040 1870 3104; x_wconf 87' lang='lat' dir='ltr'>jam</span> <span class='ocrx_word' id='word_1_257' title='bbox 1909 3048 2121 3101; x_wconf 82' lang='lat' dir='ltr'>tantum,</span> <span class='ocrx_word' id='word_1_258' title='bbox 2159 3054 2406 3105; x_wconf 80' lang='lat' dir='ltr'>quantum</span> <span class='ocrx_word' id='word_1_259' title='bbox 2441 3042 2660 3101; x_wconf 81' lang='lat' dir='ltr'>licuerit,</span> 
     </span>
     <span class='ocr_line' id='line_1_28' title="bbox 516 3126 2662 3198; baseline 0 -23"><span class='ocrx_word' id='word_1_260' title='bbox 516 3126 675 3176; x_wconf 87' lang='lat' dir='ltr'>robur</span> <span class='ocrx_word' id='word_1_261' title='bbox 710 3142 812 3177; x_wconf 90' lang='lat' dir='ltr'>non</span> <span class='ocrx_word' id='word_1_262' title='bbox 850 3127 1085 3176; x_wconf 80' lang='lat' dir='ltr'>videatur</span> <span class='ocrx_word' id='word_1_263' title='bbox 1122 3128 1409 3198; x_wconf 79' lang='lat' dir='ltr'>subdidisse</span> <span class='ocrx_word' id='word_1_264' title='bbox 1446 3128 1644 3192; x_wconf 79' lang='lat' dir='ltr'>patriae</span> <span class='ocrx_word' id='word_1_265' title='bbox 1681 3133 1944 3186; x_wconf 77' lang='lat' dir='ltr'>senectae,</span> <span class='ocrx_word' id='word_1_266' title='bbox 1983 3140 2115 3189; x_wconf 83' lang='lat' dir='ltr'>quae</span> <span class='ocrx_word' id='word_1_267' title='bbox 2155 3128 2357 3191; x_wconf 89' lang='lat' dir='ltr'>quidem</span> <span class='ocrx_word' id='word_1_268' title='bbox 2393 3127 2504 3191; x_wconf 77' lang='lat' dir='ltr'>ipsa</span> <span class='ocrx_word' id='word_1_269' title='bbox 2540 3126 2662 3189; x_wconf 89' lang='lat' dir='ltr'>quid</span> 
     </span>
     <span class='ocr_line' id='line_1_29' title="bbox 516 3210 2661 3276; baseline -0.002 -13"><span class='ocrx_word' id='word_1_270' title='bbox 516 3212 739 3265; x_wconf 70' lang='lat' dir='ltr'>valuerit,</span> <span class='ocrx_word' id='word_1_271' title='bbox 772 3224 821 3261; x_wconf 88' lang='lat' dir='ltr'>et</span> <span class='ocrx_word' id='word_1_272' title='bbox 858 3228 960 3276; x_wconf 83' lang='lat' dir='ltr'>qua</span> <span class='ocrx_word' id='word_1_273' title='bbox 994 3214 1045 3260; x_wconf 88' lang='lat' dir='ltr'>vi</span> <span class='ocrx_word' id='word_1_274' title='bbox 1079 3211 1235 3261; x_wconf 23' lang='lat' dir='ltr'>*animi</span> <span class='ocrx_word' id='word_1_275' title='bbox 1275 3212 1573 3275; x_wconf 83' lang='lat' dir='ltr'>consiliique</span> <span class='ocrx_word' id='word_1_276' title='bbox 1612 3212 1834 3275; x_wconf 83' lang='lat' dir='ltr'>viguerit</span> <span class='ocrx_word' id='word_1_277' title='bbox 1868 3210 1951 3259; x_wconf 80' lang='lat' dir='ltr'>vel</span> <span class='ocrx_word' id='word_1_278' title='bbox 1989 3225 2056 3260; x_wconf 80' lang='lat' dir='ltr'>ex</span> <span class='ocrx_word' id='word_1_279' title='bbox 2102 3226 2160 3259; x_wconf 84' lang='lat' dir='ltr'>ea</span> <span class='ocrx_word' id='word_1_280' title='bbox 2204 3226 2260 3261; x_wconf 91' lang='lat' dir='ltr'>re</span> <span class='ocrx_word' id='word_1_281' title='bbox 2307 3211 2526 3275; x_wconf 80' lang='lat' dir='ltr'>intelligi</span> <span class='ocrx_word' id='word_1_282' title='bbox 2571 3212 2661 3270; x_wconf 84' lang='lat' dir='ltr'>ait,</span> 
     </span>
     <span class='ocr_line' id='line_1_30' title="bbox 519 3296 2662 3363; baseline 0 -17"><span class='ocrx_word' id='word_1_283' title='bbox 519 3312 651 3363; x_wconf 80' lang='lat' dir='ltr'>quae</span> <span class='ocrx_word' id='word_1_284' title='bbox 688 3313 875 3362; x_wconf 82' lang='lat' dir='ltr'>magno</span> <span class='ocrx_word' id='word_1_285' title='bbox 914 3298 1111 3347; x_wconf 88' lang='lat' dir='ltr'>cuidam</span> <span class='ocrx_word' id='word_1_286' title='bbox 1142 3298 1379 3361; x_wconf 80' lang='lat' dir='ltr'>jacturae</span> <span class='ocrx_word' id='word_1_287' title='bbox 1417 3296 1583 3347; x_wconf 84' lang='lat' dir='ltr'>factae</span> <span class='ocrx_word' id='word_1_288' title='bbox 1620 3297 1802 3347; x_wconf 84' lang='lat' dir='ltr'>solatio</span> <span class='ocrx_word' id='word_1_289' title='bbox 1853 3305 2006 3359; x_wconf 82' lang='lat' dir='ltr'>queat</span> <span class='ocrx_word' id='word_1_290' title='bbox 2052 3310 2191 3348; x_wconf 85' lang='lat' dir='ltr'>esse:</span> <span class='ocrx_word' id='word_1_291' title='bbox 2237 3312 2480 3347; x_wconf 81' lang='lat' dir='ltr'>summam</span> <span class='ocrx_word' id='word_1_292' title='bbox 2529 3297 2662 3346; x_wconf 88' lang='lat' dir='ltr'>enim</span> 
     </span>
     <span class='ocr_line' id='line_1_31' title="bbox 520 3381 2662 3447; baseline -0 -16"><span class='ocrx_word' id='word_1_293' title='bbox 520 3383 627 3445; x_wconf 88' lang='lat' dir='ltr'>ejus</span> <span class='ocrx_word' id='word_1_294' title='bbox 666 3384 755 3433; x_wconf 87' lang='lat' dir='ltr'>otii</span> <span class='ocrx_word' id='word_1_295' title='bbox 791 3383 951 3433; x_wconf 85' lang='lat' dir='ltr'>fuisse</span> <span class='ocrx_word' id='word_1_296' title='bbox 988 3382 1301 3443; x_wconf 76' lang='lat' dir='ltr'>felicitatem,</span> <span class='ocrx_word' id='word_1_297' title='bbox 1340 3398 1441 3446; x_wconf 81' lang='lat' dir='ltr'>qua</span> <span class='ocrx_word' id='word_1_298' title='bbox 1475 3382 1583 3431; x_wconf 86' lang='lat' dir='ltr'>vice</span> <span class='ocrx_word' id='word_1_299' title='bbox 1619 3383 1840 3446; x_wconf 81' lang='lat' dir='ltr'>parentis</span> <span class='ocrx_word' id='word_1_300' title='bbox 1869 3382 2080 3445; x_wconf 84' lang='lat' dir='ltr'>Tarpeji</span> <span class='ocrx_word' id='word_1_301' title='bbox 2112 3381 2338 3433; x_wconf 82' lang='lat' dir='ltr'>Thebais</span> <span class='ocrx_word' id='word_1_302' title='bbox 2373 3388 2520 3447; x_wconf 87' lang='lat' dir='ltr'>patre</span> <span class='ocrx_word' id='word_1_303' title='bbox 2557 3396 2662 3431; x_wconf 83' lang='lat' dir='ltr'>ma-</span> 
     </span>
     <span class='ocr_line' id='line_1_32' title="bbox 518 3466 2662 3533; baseline 0 -16"><span class='ocrx_word' id='word_1_304' title='bbox 518 3470 675 3532; x_wconf 79' lang='lat' dir='ltr'>gistro</span> <span class='ocrx_word' id='word_1_305' title='bbox 712 3469 954 3518; x_wconf 87' lang='lat' dir='ltr'>cecinerit</span> <span class='ocrx_word' id='word_1_306' title='bbox 986 3470 1041 3519; x_wconf 82' lang='lat' dir='ltr'>id</span> <span class='ocrx_word' id='word_1_307' title='bbox 1079 3478 1156 3518; x_wconf 82' lang='lat' dir='ltr'>est</span> <span class='ocrx_word' id='word_1_308' title='bbox 1190 3470 1298 3533; x_wconf 87' lang='lat' dir='ltr'>ipse</span> <span class='ocrx_word' id='word_1_309' title='bbox 1335 3476 1537 3533; x_wconf 85' lang='lat' dir='ltr'>sperato</span> <span class='ocrx_word' id='word_1_310' title='bbox 1580 3468 1776 3517; x_wconf 82' lang='lat' dir='ltr'>honore</span> <span class='ocrx_word' id='word_1_311' title='bbox 1826 3482 1928 3516; x_wconf 87' lang='lat' dir='ltr'>non</span> <span class='ocrx_word' id='word_1_312' title='bbox 1977 3469 2172 3531; x_wconf 86' lang='lat' dir='ltr'>potitus</span> <span class='ocrx_word' id='word_1_313' title='bbox 2217 3482 2286 3519; x_wconf 81' lang='lat' dir='ltr'>ex</span> <span class='ocrx_word' id='word_1_314' title='bbox 2327 3466 2662 3517; x_wconf 76' lang='lat' dir='ltr'>familiaribus</span> 
     </span>
     <span class='ocr_line' id='line_1_33' title="bbox 517 3552 2664 3619; baseline -0.001 -16"><span class='ocrx_word' id='word_1_315' title='bbox 517 3555 673 3618; x_wconf 84' lang='lat' dir='ltr'>patris</span> <span class='ocrx_word' id='word_1_316' title='bbox 708 3552 1029 3603; x_wconf 80' lang='lat' dir='ltr'>sermonibus</span> <span class='ocrx_word' id='word_1_317' title='bbox 1066 3554 1495 3619; x_wconf 82' lang='lat' dir='ltr'>promptissimam</span> <span class='ocrx_word' id='word_1_318' title='bbox 1520 3567 1585 3603; x_wconf 83' lang='lat' dir='ltr'>ac</span> <span class='ocrx_word' id='word_1_319' title='bbox 1610 3552 1991 3603; x_wconf 81' lang='lat' dir='ltr'>saluberrimam</span> <span class='ocrx_word' id='word_1_320' title='bbox 2021 3554 2084 3601; x_wconf 89' lang='lat' dir='ltr'>de</span> <span class='ocrx_word' id='word_1_321' title='bbox 2106 3552 2372 3602; x_wconf 82' lang='lat' dir='ltr'>Thebaide</span> <span class='ocrx_word' id='word_1_322' title='bbox 2400 3552 2664 3601; x_wconf 87' lang='lat' dir='ltr'>condenda</span> 
     </span>
     <span class='ocr_line' id='line_1_34' title="bbox 517 3638 2663 3702; baseline -0 -16"><span class='ocrx_word' id='word_1_323' title='bbox 517 3638 753 3687; x_wconf 80' lang='lat' dir='ltr'>habuerit</span> <span class='ocrx_word' id='word_1_324' title='bbox 786 3640 1173 3690; x_wconf 74' lang='lat' dir='ltr'>institutionem.</span> <span class='ocrx_word' id='word_1_325' title='bbox 1248 3638 1357 3688; x_wconf 80' lang='lat' dir='ltr'>Nisi</span> <span class='ocrx_word' id='word_1_326' title='bbox 1395 3638 1528 3689; x_wconf 86' lang='lat' dir='ltr'>forte</span> <span class='ocrx_word' id='word_1_327' title='bbox 1568 3638 1681 3702; x_wconf 88' lang='lat' dir='ltr'>quis</span> <span class='ocrx_word' id='word_1_328' title='bbox 1731 3647 1886 3701; x_wconf 87' lang='lat' dir='ltr'>neget</span> <span class='ocrx_word' id='word_1_329' title='bbox 1931 3645 2072 3687; x_wconf 87' lang='lat' dir='ltr'>recte</span> <span class='ocrx_word' id='word_1_330' title='bbox 2119 3646 2272 3701; x_wconf 87' lang='lat' dir='ltr'>atque</span> <span class='ocrx_word' id='word_1_331' title='bbox 2319 3638 2496 3686; x_wconf 83' lang='lat' dir='ltr'>ordine</span> <span class='ocrx_word' id='word_1_332' title='bbox 2541 3638 2663 3697; x_wconf 85' lang='lat' dir='ltr'>fieri,</span> 
     </span>
     <span class='ocr_line' id='line_1_35' title="bbox 516 3720 2661 3788; baseline -0.001 -15"><span class='ocrx_word' id='word_1_333' title='bbox 516 3732 574 3773; x_wconf 82' lang='lat' dir='ltr'>ut</span> <span class='ocrx_word' id='word_1_334' title='bbox 608 3740 713 3773; x_wconf 82' lang='lat' dir='ltr'>vox</span> <span class='ocrx_word' id='word_1_335' title='bbox 748 3726 810 3773; x_wconf 90' lang='lat' dir='ltr'>in</span> <span class='ocrx_word' id='word_1_336' title='bbox 848 3725 983 3773; x_wconf 85' lang='lat' dir='ltr'>hanc</span> <span class='ocrx_word' id='word_1_337' title='bbox 1018 3724 1233 3788; x_wconf 82' lang='lat' dir='ltr'>recipiat</span> <span class='ocrx_word' id='word_1_338' title='bbox 1265 3725 1507 3787; x_wconf 85' lang='lat' dir='ltr'>speciem:</span> <span class='ocrx_word' id='word_1_339' title='bbox 1548 3738 1681 3773; x_wconf 89' lang='lat' dir='ltr'>cum</span> <span class='ocrx_word' id='word_1_340' title='bbox 1721 3720 1901 3787; x_wconf 85' lang='lat' dir='ltr'>(quam</span> <span class='ocrx_word' id='word_1_341' title='bbox 1939 3724 2262 3773; x_wconf 77' lang='lat' dir='ltr'>mutationem</span> <span class='ocrx_word' id='word_1_342' title='bbox 2296 3729 2347 3772; x_wconf 88' lang='lat' dir='ltr'>et</span> <span class='ocrx_word' id='word_1_343' title='bbox 2369 3721 2661 3772; x_wconf 78' lang='lat' dir='ltr'>facillimam</span> 
     </span>
     <span class='ocr_line' id='line_1_36' title="bbox 517 3806 2662 3873; baseline 0 -16"><span class='ocrx_word' id='word_1_344' title='bbox 517 3823 627 3859; x_wconf 82' lang='lat' dir='ltr'>esse</span> <span class='ocrx_word' id='word_1_345' title='bbox 664 3820 712 3859; x_wconf 86' lang='lat' dir='ltr'>et</span> <span class='ocrx_word' id='word_1_346' title='bbox 748 3811 1222 3873; x_wconf 84' lang='lat' dir='ltr'>pervagatissimam</span> <span class='ocrx_word' id='word_1_347' title='bbox 1262 3808 1506 3873; x_wconf 80' lang='lat' dir='ltr'>exemplis</span> <span class='ocrx_word' id='word_1_348' title='bbox 1541 3806 1781 3858; x_wconf 81' lang='lat' dir='ltr'>Aratoris</span> <span class='ocrx_word' id='word_1_349' title='bbox 1821 3809 2014 3863; x_wconf 83' lang='lat'><strong>1.134:</strong></span> <span class='ocrx_word' id='word_1_350' title='bbox 2053 3808 2127 3857; x_wconf 91' lang='lat' dir='ltr'>In</span> <span class='ocrx_word' id='word_1_351' title='bbox 2165 3808 2315 3858; x_wconf 82' lang='lat' dir='ltr'>simili</span> <span class='ocrx_word' id='word_1_352' title='bbox 2353 3816 2474 3857; x_wconf 87' lang='lat' dir='ltr'>tunc</span> <span class='ocrx_word' id='word_1_353' title='bbox 2510 3814 2662 3871; x_wconf 87' lang='lat' dir='ltr'>gente</span> 
     </span>
     <span class='ocr_line' id='line_1_37' title="bbox 516 3889 2665 3959; baseline 0 -16"><span class='ocrx_word' id='word_1_354' title='bbox 516 3893 659 3946; x_wconf 82' lang='lat' dir='ltr'>fuit.“</span> <span class='ocrx_word' id='word_1_355' title='bbox 696 3894 868 3956; x_wconf 69' lang='lat' dir='ltr'>Goth„</span> <span class='ocrx_word' id='word_1_356' title='bbox 908 3896 969 3945; x_wconf 91' lang='lat' dir='ltr'>de</span> <span class='ocrx_word' id='word_1_357' title='bbox 1005 3911 1107 3959; x_wconf 91' lang='lat' dir='ltr'>quo</span> <span class='ocrx_word' id='word_1_358' title='bbox 1143 3894 1417 3945; x_wconf 81' lang='lat' dir='ltr'>Jacobsius</span> <span class='ocrx_word' id='word_1_359' title='bbox 1454 3889 1577 3943; x_wconf 85' lang='lat' dir='ltr'>mihi</span> <span class='ocrx_word' id='word_1_360' title='bbox 1616 3893 1756 3942; x_wconf 80' lang='lat' dir='ltr'>testis</span> <span class='ocrx_word' id='word_1_361' title='bbox 1793 3901 1896 3953; x_wconf 86' lang='lat' dir='ltr'>est,</span> <span class='ocrx_word' id='word_1_362' title='bbox 1936 3908 2069 3943; x_wconf 89' lang='lat' dir='ltr'>cum</span> <span class='ocrx_word' id='word_1_363' title='bbox 2108 3893 2296 3943; x_wconf 83' lang='lat' dir='ltr'>simili“</span> <span class='ocrx_word' id='word_1_364' title='bbox 2345 3894 2665 3957; x_wconf 79' lang='lat' dir='ltr'>aliorumque</span> 
     </span>
     <span class='ocr_line' id='line_1_38' title="bbox 518 3978 2664 4044; baseline -0.001 -15"><span class='ocrx_word' id='word_1_365' title='bbox 518 3980 959 4043; x_wconf 82' lang='lat' dir='ltr'>comprobabimus</span> <span class='ocrx_word' id='word_1_366' title='bbox 992 3980 1203 4032; x_wconf 86' lang='lat' dir='ltr'>Emend.</span> <span class='ocrx_word' id='word_1_367' title='bbox 1229 3980 1381 4044; x_wconf 81' lang='lat' dir='ltr'>Prop.</span> <span class='ocrx_word' id='word_1_368' title='bbox 1402 3978 1503 4028; x_wconf 90' lang='lat' dir='ltr'>IX.</span> <span class='ocrx_word' id='word_1_369' title='bbox 1526 3980 1601 4040; x_wconf 82' lang='lat'>2),</span> <span class='ocrx_word' id='word_1_370' title='bbox 1641 3979 1758 4027; x_wconf 88' lang='lat' dir='ltr'>inde</span> <span class='ocrx_word' id='word_1_371' title='bbox 1796 3980 2002 4027; x_wconf 85' lang='lat' dir='ltr'>demota</span> <span class='ocrx_word' id='word_1_372' title='bbox 2037 3993 2162 4027; x_wconf 80' lang='lat' dir='ltr'>voce</span> <span class='ocrx_word' id='word_1_373' title='bbox 2200 3979 2425 4027; x_wconf 83' lang='lat' dir='ltr'>invida</span> <span class='ocrx_word' id='word_1_374' title='bbox 2460 3978 2664 4027; x_wconf 82' lang='lat' dir='ltr'>restitu-</span> 
     </span>
     <span class='ocr_line' id='line_1_39' title="bbox 516 4062 2664 4128; baseline -0 -15"><span class='ocrx_word' id='word_1_375' title='bbox 516 4072 666 4114; x_wconf 85' lang='lat' dir='ltr'>antur</span> <span class='ocrx_word' id='word_1_376' title='bbox 702 4065 827 4113; x_wconf 84' lang='lat' dir='ltr'>haec</span> <span class='ocrx_word' id='word_1_377' title='bbox 864 4066 993 4115; x_wconf 87' lang='lat' dir='ltr'>duo:</span> <span class='ocrx_word' id='word_1_378' title='bbox 1050 4081 1181 4115; x_wconf 91' lang='lat' dir='ltr'>cum</span> <span class='ocrx_word' id='word_1_379' title='bbox 1222 4065 1363 4115; x_wconf 85' lang='lat' dir='ltr'>vice</span> <span class='ocrx_word' id='word_1_380' title='bbox 1400 4064 1491 4113; x_wconf 88' lang='lat' dir='ltr'>illa</span> <span class='ocrx_word' id='word_1_381' title='bbox 1528 4064 1732 4126; x_wconf 87' lang='lat' dir='ltr'>quidem</span> <span class='ocrx_word' id='word_1_382' title='bbox 1779 4062 1902 4112; x_wconf 89' lang='lat' dir='ltr'>olim</span> <span class='ocrx_word' id='word_1_383' title='bbox 1951 4070 2040 4111; x_wconf 82' lang='lat' dir='ltr'>aut</span> <span class='ocrx_word' id='word_1_384' title='bbox 2093 4065 2164 4113; x_wconf 85' lang='lat' dir='ltr'>sic</span> <span class='ocrx_word' id='word_1_385' title='bbox 2220 4066 2432 4128; x_wconf 67' lang='lat' dir='ltr'>scripta:</span> <span class='ocrx_word' id='word_1_386' title='bbox 2487 4064 2664 4113; x_wconf 82' lang='lat' dir='ltr'>invia</span> 
     </span>
     <span class='ocr_line' id='line_1_40' title="bbox 518 4146 2660 4215; baseline 0.002 -18"><span class='ocrx_word' id='word_1_387' title='bbox 518 4146 752 4212; x_wconf 84' lang='lat' dir='ltr'>(Emend.</span> <span class='ocrx_word' id='word_1_388' title='bbox 788 4150 945 4215; x_wconf 83' lang='lat' dir='ltr'>Prop.</span> <span class='ocrx_word' id='word_1_389' title='bbox 984 4151 1080 4200; x_wconf 87' lang='lat' dir='ltr'>IV.</span> <span class='ocrx_word' id='word_1_390' title='bbox 1118 4152 1166 4201; x_wconf 87' lang='lat'>4.</span> <span class='ocrx_word' id='word_1_391' title='bbox 1208 4149 1437 4213; x_wconf 81' lang='lat' dir='ltr'>Conject.</span> <span class='ocrx_word' id='word_1_392' title='bbox 1482 4148 1626 4211; x_wconf 89' lang='lat' dir='ltr'><strong>VII)</strong></span> <span class='ocrx_word' id='word_1_393' title='bbox 1665 4156 1753 4197; x_wconf 83' lang='lat' dir='ltr'>aut</span> <span class='ocrx_word' id='word_1_394' title='bbox 1792 4163 1851 4197; x_wconf 90' lang='lat' dir='ltr'>eo</span> <span class='ocrx_word' id='word_1_395' title='bbox 1889 4148 2058 4208; x_wconf 84' lang='lat' dir='ltr'>modo,</span> <span class='ocrx_word' id='word_1_396' title='bbox 2107 4150 2196 4213; x_wconf 89' lang='lat' dir='ltr'>qui</span> <span class='ocrx_word' id='word_1_397' title='bbox 2248 4149 2470 4198; x_wconf 83' lang='lat' dir='ltr'>cernitur</span> <span class='ocrx_word' id='word_1_398' title='bbox 2504 4148 2660 4213; x_wconf 86' lang='lat' dir='ltr'>Apul.</span> 
     </span>
     <span class='ocr_line' id='line_1_41' title="bbox 516 4234 2661 4301; baseline 0 -18"><span class='ocrx_word' id='word_1_399' title='bbox 516 4236 641 4283; x_wconf 82' lang='lat' dir='ltr'>Met.</span> <span class='ocrx_word' id='word_1_400' title='bbox 682 4236 705 4284; x_wconf 93' lang='grc' dir='ltr'>Ι</span> <span class='ocrx_word' id='word_1_401' title='bbox 741 4252 795 4299; x_wconf 89' lang='lat' dir='ltr'>p.</span> <span class='ocrx_word' id='word_1_402' title='bbox 833 4237 901 4285; x_wconf 83' lang='lat'>46</span> <span class='ocrx_word' id='word_1_403' title='bbox 938 4236 1074 4285; x_wconf 80' lang='lat' dir='ltr'>vice</span> <span class='ocrx_word' id='word_1_404' title='bbox 1112 4235 1435 4301; x_wconf 75' lang='lat' dir='ltr'>Calypsonis·</span> <span class='ocrx_word' id='word_1_405' title='bbox 1511 4234 1715 4283; x_wconf 88' lang='lat' dir='ltr'>Becich.</span> <span class='ocrx_word' id='word_1_406' title='bbox 1755 4234 1947 4285; x_wconf 83' lang='lat' dir='ltr'>vitae.</span> <span class='ocrx_word' id='word_1_407' title='bbox 2021 4234 2150 4297; x_wconf 84' lang='lat' dir='ltr'>Reg.</span> <span class='ocrx_word' id='word_1_408' title='bbox 2185 4234 2322 4283; x_wconf 85' lang='lat' dir='ltr'>Flor.</span> <span class='ocrx_word' id='word_1_409' title='bbox 2359 4234 2468 4283; x_wconf 80' lang='lat' dir='ltr'>Pal.</span> <span class='ocrx_word' id='word_1_410' title='bbox 2523 4234 2661 4285; x_wconf 83' lang='lat' dir='ltr'>vite.</span> 
     </span>
    </p>

    <p class='ocr_par' dir='ltr' id='par_1_14' title="bbox 514 4316 2665 4471">
     <span class='ocr_line' id='line_1_42' title="bbox 652 4316 2665 4384; baseline 0 -17"><span class='ocrx_word' id='word_1_411' title='bbox 652 4316 758 4367; x_wconf 75' lang='lat' dir='ltr'>Nec</span> <span class='ocrx_word' id='word_1_412' title='bbox 796 4332 887 4379; x_wconf 84' lang='lat' dir='ltr'>pro</span> <span class='ocrx_word' id='word_1_413' title='bbox 924 4320 1022 4369; x_wconf 82' lang='lat' dir='ltr'>levi</span> <span class='ocrx_word' id='word_1_414' title='bbox 1062 4320 1348 4369; x_wconf 82' lang='lat' dir='ltr'>habendum</span> <span class='ocrx_word' id='word_1_415' title='bbox 1388 4328 1477 4383; x_wconf 85' lang='lat' dir='ltr'>est,</span> <span class='ocrx_word' id='word_1_416' title='bbox 1518 4320 1656 4384; x_wconf 88' lang='lat' dir='ltr'>quod</span> <span class='ocrx_word' id='word_1_417' title='bbox 1681 4320 1817 4368; x_wconf 86' lang='lat' dir='ltr'>idem</span> <span class='ocrx_word' id='word_1_418' title='bbox 1843 4317 2232 4380; x_wconf 86' lang='lat' dir='ltr'>Rchdigeranus</span> <span class='ocrx_word' id='word_1_419' title='bbox 2269 4334 2362 4383; x_wconf 86' lang='lat' dir='ltr'>pro</span> <span class='ocrx_word' id='word_1_420' title='bbox 2399 4326 2665 4370; x_wconf 81' lang='lat' dir='ltr'>caneret</span> 
     </span>
     <span class='ocr_line' id='line_1_43' title="bbox 514 4404 2663 4471; baseline 0.002 -18"><span class='ocrx_word' id='word_1_421' title='bbox 514 4410 651 4453; x_wconf 88' lang='lat' dir='ltr'>tenet</span> <span class='ocrx_word' id='word_1_422' title='bbox 688 4414 1017 4471; x_wconf 83' lang='lat' dir='ltr'>carperet,</span> <span class='ocrx_word' id='word_1_423' title='bbox 1045 4405 1249 4457; x_wconf 81' lang='lat' dir='ltr'>Veneta</span> <span class='ocrx_word' id='word_1_424' title='bbox 1276 4406 1434 4455; x_wconf 81' lang='lat' dir='ltr'>editio</span> <span class='ocrx_word' id='word_1_425' title='bbox 1462 4412 1513 4455; x_wconf 86' lang='lat' dir='ltr'>et</span> <span class='ocrx_word' id='word_1_426' title='bbox 1531 4405 1884 4455; x_wconf 79' lang='lat' dir='ltr'>Dorvillianus</span> <span class='ocrx_word' id='word_1_427' title='bbox 1909 4404 2041 4454; x_wconf 89' lang='lat' dir='ltr'>liber</span> <span class='ocrx_word' id='word_1_428' title='bbox 2065 4418 2356 4469; x_wconf 84' lang='lat' dir='ltr'>raperes,</span> <span class='ocrx_word' id='word_1_429' title='bbox 2379 4404 2663 4458; x_wconf 75' lang='lat' dir='ltr'>Vossianus</span> 
     </span>
    </p>
   </div>
  </div>
 </body>
</html>
