3234 4967
660 364 742 428 72
1549 367 1779 420 adnot.
1817 367 1901 419 46.

659 570 933 637 librum:
983 570 1304 658 repelles,
1353 595 1548 660 quam
1589 571 1893 660 amplecti
1939 572 2294 661 repellis,
2344 572 2518 659 quod
2566 571 2810 661 placuit

659 678 933 743 Heinsio
982 676 1324 743 Claudian.
1372 675 1598 765 Epith.
1646 675 1809 742 Pall.
1847 677 1929 743 79
1976 701 2042 766 p.
2088 677 2255 763 5323
2301 677 2477 744 hune
2523 679 2695 744 enim
2726 679 2811 746 ab

661 783 807 848 aliis
851 805 984 848 non
1029 784 1434 848 nominatum
1484 783 1882 870 digniorem,
1932 784 2043 871 qui
2090 793 2653 868 commemoretur,
2705 807 2813 852 ex-

659 890 1022 956 istimamus
1067 913 1210 956 esse
1259 889 1598 956 Gronovio
1648 889 2099 978 Queckioque.

835 997 1140 1085 Denique
1200 999 1428 1086 paucis
1482 996 1637 1062 licet
1696 997 2013 1085 expedire
2076 1019 2215 1062 rem
2276 1020 2317 1062 a
2370 997 2549 1064 nullo
2596 998 2813 1065 adhuc

663 1102 1206 1169 animadversam.
1284 1104 1582 1192 Namque
1624 1105 1695 1169 in
1725 1103 2017 1169 clausula
2048 1104 2361 1169 orationis
2394 1125 2589 1169 sensu
2619 1105 2812 1170 vehe-

659 1210 865 1274 menti
911 1217 976 1273 et
1022 1209 1156 1274 acri
1204 1207 1436 1298 plenae
1483 1208 1648 1276 nihil
1694 1210 1911 1298 potuit
1940 1211 2155 1298 aptius
2190 1209 2363 1294 addi,
2413 1231 2607 1299 quam
2649 1209 2811 1277 illud

665 1337 932 1398 serva,
982 1315 1160 1403 quod
1205 1315 1288 1380 ab
1335 1315 1528 1399 heris,
1579 1317 1691 1404 qui
1738 1337 1961 1381 servos
2002 1337 2110 1382 res
2144 1315 2533 1381 domesticas
2580 1338 2809 1382 curare

663 1435 732 1485 et
761 1421 932 1488 tueri
951 1421 1285 1509 juberent,
1319 1423 1625 1511 usurpari
1656 1420 1919 1487 solitum
1952 1443 2093 1486 esse
2125 1431 2351 1487 notum
2384 1429 2485 1488 est
2516 1422 2805 1489 Gronov.

661 1527 874 1593 Lectt.
920 1526 1134 1592 Plaut.
1181 1550 1245 1615 Ρ.
1300 1529 1448 1592 122.
1537 1527 1803 1593 Ruhnk.
1846 1529 2111 1594 Terent.
2142 1527 2444 1594 Eunuch.
2477 1528 2595 1594 IV.
2628 1528 2687 1609 7,
2726 1528 2815 1591 10
2868 1568 2872 1571 -

660 1657 726 1721 Ρ.
757 1632 886 1698 125
907 1634 990 1698 cf.
1013 1633 1257 1700 Heind.
1281 1633 1445 1699 Hor.
1469 1632 1677 1700 Serm.
1700 1632 1771 1698 ll.
1803 1635 1865 1717 3,
1888 1633 1975 1698 59
1998 1658 2065 1722 p.
2093 1635 2243 1699 291.
2282 1633 2521 1700 Scheff.
2546 1634 2809 1699 Petron.

661 1740 750 1803 44
812 1763 878 1827 p.
929 1740 1081 1804 274.
1128 1738 1357 1804 Barth.
1403 1737 1580 1804 Adv.
1640 1738 1780 1804 LV.
1831 1740 1873 1804 2
1928 1761 1993 1826 Ρ.
2042 1739 2251 1824 2582,
2310 1740 2421 1828 qui
2480 1761 2813 1805 servare
2868 1827 2873 1833 ι

663 1845 973 1910 domum
1035 1844 1260 1911 docuit
1319 1866 1462 1910 esse
1521 1853 1701 1910 recte
1758 1845 1887 1909 suis
1933 1845 2129 1911 rebus
2174 1868 2477 1934 praeesse
2496 1894 2515 1929 ,
2571 1844 2813 1912 bonum

662 1959 921 2039 patrem
965 1949 1246 2017 familias
1291 1953 1504 2016 esse.“
1593 1951 1689 2018 Ut
1748 1973 1923 2018 novo
1972 1952 2361 2018 documento
2408 1962 2815 2042 compertum

662 2059 748 2124 sit
803 2079 1268 2146 nonnunquam
1325 2059 1756 2145 integerrima
1812 2081 1895 2125 ea
1950 2081 2127 2144 esse,
2196 2081 2361 2148 quae
2420 2057 2812 2125 Marklando

663 2165 1247 2253 „corruptissima“
1293 2164 1645 2231 videantur
1690 2187 1833 2231 esse
1880 2165 1974 2254 (p.
2021 2167 2173 2232 408.
2224 2165 2316 2255 a).
2394 2173 2423 2197 '

836 2271 1071 2337 Restat
1124 2279 1199 2336 ut
1259 2271 1342 2337 de
1387 2270 1470 2336 iis
1531 2270 1750 2338 verbis
1798 2280 2178 2360 quaeratur,
2226 2295 2394 2361 quae
2440 2270 2535 2336 illi
2583 2271 2813 2338 domus

669 2378 951 2444 orationi
1029 2378 1446 2466 praemunita
1515 2386 1684 2443 sunt.
1791 2377 1979 2462 Quae
2048 2400 2245 2467 quum
2314 2377 2401 2444 ad
2467 2377 2812 2465 pristinum

673 2494 917 2551 statum
961 2506 1278 2550 revocare
1324 2484 1392 2549 in
1451 2483 1731 2572 proclivi
1790 2485 1909 2568 sit,
1972 2483 2331 2572 periculum
2390 2493 2611 2550 tamen
2670 2505 2813 2549 esse

660 2614 794 2658 non
854 2592 1087 2678 ignoro
1105 2640 1124 2675 ,
1181 2613 1266 2655 ne
1315 2589 1705 2679 quibusdam
1760 2589 1993 2656 videar
2039 2591 2241 2656 nimia
2281 2598 2625 2680 promptus
2671 2613 2813 2656 esse

663 2697 958 2763 audacia.
1049 2696 1286 2785 Itaque
1345 2718 1474 2784 quo
1529 2695 1787 2784 planius
1832 2695 2267 2784 intelligatur,
2330 2697 2507 2786 quod
2560 2697 2815 2786 potissi-

667 2825 845 2870 mum
891 2801 1306 2891 corruptelae
1363 2824 1570 2887 genus
1630 2801 1715 2867 ad
1760 2800 2293 2888 Rehdigeranum
2350 2801 2589 2869 librum
2633 2801 2813 2868 illum

663 2909 1039 2998 „depictum
1067 2909 1280 2995 magis
1313 2929 1506 2996 quam
1539 2906 1985 2995 descriptum‘·
2032 2909 2418 2995 pertinuerit
2460 2907 2575 2998 (cf.
2607 2932 2672 2974 v.
2704 2909 2811 2974 59.

663 3018 748 3082 68
797 3023 864 3081 et
909 3035 1076 3103 quae
1124 3015 1210 3081 ad
1254 3039 1319 3081 v.
1368 3014 1452 3079 26
1501 3012 1838 3103 diximus),
1899 3013 2193 3081 breviter
2238 3015 2482 3100 dicam,
2530 3037 2659 3104 qua
2705 3017 2815 3081 via

663 3123 732 3186 in
775 3141 936 3187 vero
984 3120 1274 3187 eruendo
1319 3120 1770 3210 processerim.
1858 3119 1961 3186 Ac
2008 3122 2284 3209 primum
2331 3121 2595 3211 quidem
2640 3143 2815 3208 mag-

663 3250 786 3293 nae
836 3227 1094 3293 cuidam
1142 3227 1484 3293 offensioni
1541 3227 1666 3291 fuit
1720 3249 1856 3293 vox
1910 3229 2285 3293 nimirum
2344 3250 2387 3293 a
2432 3229 2812 3310 sententiae,

666 3355 858 3422 quam
905 3342 1102 3421 poeta
1145 3355 1420 3398 exorsus
1468 3341 1569 3398 est
1613 3356 1679 3398 v.
1710 3333 1799 3400 43
1840 3355 1957 3422 sq„
1991 3335 2317 3421 gravitate
2364 3334 2577 3400 aliena
2622 3357 2815 3422 quam

665 3461 832 3528 quae
899 3439 1183 3504 maxime
1253 3436 1514 3526 (Hand.
1576 3438 1855 3504 Tursell.
1913 3440 2025 3506 lV.
2089 3460 2154 3526 p.
2218 3440 2367 3506 203.
2439 3440 2590 3505 206.
2656 3439 2812 3506 add.

665 3543 949 3610 Martial.
1008 3545 1056 3608 l.
1123 3545 1240 3628 12,
1287 3545 1348 3609 9.
1407 3544 1524 3611 ΧΙ.
1573 3545 1681 3628 33,
1742 3544 1837 3634 4).
1926 3543 2187 3611 Deinde
2246 3554 2442 3611 tenue
2504 3544 2814 3635 quiddam

669 3649 1064 3718 videbantur
1097 3671 1332 3717 sonare
1363 3650 1506 3717 illa:
1555 3673 1760 3717 nunc
1800 3659 2086 3718 nostra
2117 3649 2409 3742 (domus)
2442 3674 2520 3718 ac
2550 3653 2813 3718 minime

663 3758 904 3823 idonea
953 3779 1114 3841 esse,
1149 3756 1381 3845 quibus
1410 3756 1772 3844 legentium
1803 3757 2055 3824 animus
2086 3761 2589 3826 constitueretur
2618 3766 2813 3848 atque

665 3873 1102 3952 appararetur
1147 3863 1233 3930 ad
1277 3864 1771 3953 percipiendam
1816 3862 2009 3954 hujus
2066 3864 2529 3932 admonitionis
2576 3865 2816 3931 severi-

663 3979 901 4036 tatem:
949 3970 1142 4055 heus,
1205 3971 1314 4058 qui
1373 3970 1614 4036 damna
1658 3969 1843 4036 doles
1890 3969 2133 4055 aliena,
2182 3994 2491 4062 repone
2550 3969 2815 4037 Infelix

663 4076 1050 4143 lacrimas
1093 4102 1212 4144 -ε
1261 4083 1566 4144 serva.“
1653 4079 1813 4146 Inde
1860 4080 2181 4146 succurrit
2224 4077 2381 4144 mihi
2426 4079 2813 4166 praesertim

662 4182 978 4249 recolenti
1023 4192 1163 4248 tum
1211 4183 1349 4250 Cic.
1397 4183 1524 4272 Ep.
1575 4183 1663 4251 ad
1707 4183 1910 4251 Attic.
1944 4185 2088 4252 XII.
2136 4186 2244 4269 39,
2298 4189 2369 4250 1:
2418 4184 2535 4252 sed
2578 4185 2813 4250 nimi-

662 4311 829 4354 rum
880 4298 1214 4378 exspecto.
1247 4290 1498 4356 Manut.
1546 4291 1873 4356 nimium
1907 4289 2169 4381 (Arntz.
2200 4292 2333 4357 Ine.
2364 4291 2611 4379 Paneg.
2646 4290 2814 4358 Con-

665 4394 928 4460 stantin.
982 4396 1084 4460 12.
1131 4397 1174 4461 3
1223 4419 1288 4482 p.
1319 4394 1471 4459 500.
1519 4395 1737 4483 Hand,
1787 4395 1827 4461 l.
1864 4396 1926 4462 d.
1959 4420 2023 4484 p.
2074 4396 2233 4487 207)
2281 4405 2416 4463 tum
2466 4395 2809 4464 Claudian.
