3234 4967
669 362 793 425 1ssss
1522 364 1646 417 Adn
1665 371 1746 415 ot.
1786 368 1868 417 62.

664 574 925 655 agi-esst
1018 568 1241 635 Manil.
1288 568 1397 633 lv.
1468 570 1630 635 417:
1705 573 1914 658 ruptis
1984 570 2397 657 fugientia
2467 570 2812 639 flumina

599 741 605 746 ,
663 676 865 764 ripis“
914 676 997 739 ef.
1045 674 1270 739 Heius.
1318 673 1491 741 Adv.
1562 674 1674 740 ΙΙΙ.
1747 676 1788 738 6
1834 699 1897 764 Ρ.
1949 675 2082 740 445
2132 700 2228 765 sq.
2275 678 2482 765 intpp.
2545 678 2811 747 Petron.

671 782 797 847 122
844 805 907 869 p.
958 779 1085 845 745
1132 803 1225 867 sq.
1340 780 1563 847 Burm.
1637 779 1833 847 Ovid.
1895 780 2053 847 Her.
2108 782 2306 848 XIX.
2373 783 2498 848 155
2545 808 2610 872 p.
2659 786 2810 853 286.

663 886 971 954 WVernsd.
1039 886 1278 953 Avien.
1348 886 1429 951 D.
1502 886 1583 955 Ο.
1661 888 1850 953 1319.
1887 912 1952 976 p.
2011 889 2049 965 ,1
2065 888 2220 976 144)
2274 891 2516 957 rectius
2574 890 2816 957 dicitur

666 992 916 1059 domari
948 1004 1014 1059 et
1044 993 1139 1058 ita
1169 992 1515 1076 devinci,
1566 1002 1642 1059 ut
1669 994 1852 1081 ripae
1899 1003 2314 1081 repetantur,
2361 1018 2558 1085 quam
2605 996 2814 1063 deti·

663 1102 878 1183 neri,
948 1098 1127 1188 quod
1183 1098 1357 1177 idem
1418 1120 1559 1165 esse
1608 1110 1804 1187 atque
1881 1100 2184 1165 sistere
2263 1111 2330 1165 et
2400 1102 2812 1190 superfusum

666 1207 851 1294 quasi
877 1204 1149 1292 alligare
1180 1205 1375 1271 docet
1398 1206 1653 1273 Seneca
1673 1205 1800 1293 Ag.
1834 1206 1947 1274 55:
1979 1206 2139 1295 quid
2162 1206 2474 1273 cadentes
2499 1207 2813 1276 detinet

665 1311 885 1379 stellas
931 1312 1082 1402 polo
1098 1312 1177 1375 ?“
1224 1312 1306 1375 cf.
1369 1309 1715 1377 Claudian.
1771 1310 1984 1399 dell.
2029 1312 2142 1378 1V.
2191 1306 2549 1379 281'Tunc
2593 1315 2808 1381 Nilum

664 1420 1037 1485 retinent
1080 1420 1333 1506 ripae.“‘
1383 1417 1563 1484 Cort.
1614 1416 1859 1483 Lucan.
1900 1416 1990 1482 II.
2025 1418 2152 1483 217
2201 1442 2264 1507 p.
2315 1420 2465 1485 224.
2509 1420 2807 1487 Redden-

666 1526 820 1593 dum
866 1534 1085 1591 autem
1131 1524 1237 1590 hic
1282 1534 1402 1607 est,
1450 1525 1626 1613 quod
1675 1547 1871 1613 supra
1913 1548 1982 1613 p.
2031 1526 2065 1590 7
2117 1527 2423 1593 omissum
2471 1528 2692 1593 videet
2738 1529 2808 1592 in

664 1632 1001 1698 Parmensi
1046 1642 1278 1696 extare
1327 1630 1615 1697 devince
1635 1654 1666 1694 s
1713 1628 2116 1718 (Markland.
2153 1656 2228 1697 vv.
2276 1630 2415 1721 57).
2464 1632 2652 1699 Licet
2696 1633 2807 1699 ad-

654 1739 861 1827 Jicere
911 1738 993 1803 de
1039 1736 1185 1804 loco
1234 1735 1440 1801 Theb.
1488 1737 1535 1799 1.
1598 1736 1749 1802 357.
1796 1756 1953 1803 vere
2001 1738 2091 1803 sic
2151 1737 2448 1825 prodito:
2512 1738 2812 1825 „gelidas

664 1866 1013 1932 surgens
1056 1844 1377 1911 Erasinus
1421 1846 1509 1912 ad
1554 1844 1898 1912 Arctos«
1959 1858 2026 1912 et
2059 1868 2268 1913 versu
2314 1847 2641 1915 Manilii
2688 1848 2808 1915 111.

665 1951 797 2016 634
839 1954 908 2017 in
957 1951 1127 2017 hanc
1174 1952 1561 2018 sententiam
1608 1952 2030 2039 corrigendot
2092 1952 2450 2041 „Nilusque
2509 1957 2812 2022 tumescit

663 2059 732 2121 in
776 2057 1019 2124 horas
1066 2056 1283 2147 (Virg.
1330 2056 1474 2124 Ecl.
1524 2058 1613 2123 X.
1663 2060 1746 2125 73
1814 2058 2040 2125 Jever.
2099 2058 2346 2127 Lucan.
2401 2060 2520 2126 111.
2571 2062 2700 2129 752
2743 2086 2808 2151 Ρ.

662 2163 792 2229 457
840 2164 920 2229 cf.
970 2163 1193 2231 Burin.
1240 2163 1392 2230 Val.
1438 2162 1659 2229 Flacc.
1715 2164 1858 2230 Vll.
1906 2165 2036 2231 318
2095 2189 2159 2254 p.
2210 2165 2372 2255 613)
2418 2188 2540 2231 nos
2585 2167 2812 2235 dedita

666 2292 867 2360 opera
913 2269 1303 2359 explicuisse
1348 2269 1461 2337 illo
1510 2270 1592 2337 de
1625 2270 2142 2357 Emsinofiuvio
2189 2270 2402 2360 deque
2449 2272 2807 2361 hyperbole

664 2376 945 2466 quadam
992 2379 1252 2465 poetica
1296 2375 1517 2444 libello
1564 2377 2030 2445 Friedlandiae
2082 2378 2255 2443 1864
2301 2378 2500 2445 edito,

1588 2682 1692 2761 «V.
1755 2682 1871 2762 65.

772 2946 777 2951 -
840 2898 1077 2963 Mirum
1154 2906 1254 2963 est
1314 2896 1543 2961 doctos
1604 2896 1900 2963 homines
1967 2918 2174 2985 prope
2247 2908 2488 2963 omnes
2537 2918 2679 2963 esse
2741 2899 2816 2969 in·

665 3004 1055 3071 auctoritate
1071 3002 1325 3070 Barthii
1338 3002 1735 3069 Animadvv.
1749 3028 1813 3093 p.
1827 3003 1958 3069 506
1975 3028 1990 3073 t
2005 3003 2169 3088 „Vu
2180 3001 2304 3070 lne
2319 3024 2410 3069 ra
2438 3026 2476 3069 c
2493 3025 2534 3069 a
2547 3022 2631 3067 us
2643 3027 2674 3070 s
2687 3004 2806 3093 ae)

665 3110 846 3193 Quas
922 3130 1187 3177 caussas
1262 3108 1616 3177 habeamus
1695 3108 2016 3177 deflendis
2091 3110 2331 3177 nostris
2406 3108 2804 3177 vulneribus.

662 3216 842 3283 Alibi
872 3218 1302 3305 transpositas
1324 3238 1523 3284 voces
1545 3218 1919 3283 notavimus
1947 3226 2016 3283 et
2039 3240 2299 3283 sensum
2324 3236 2466 3283 esse
2493 3238 2806 3303 cognosv—

663 3334 848 3391 cant
925 3344 1291 3390 caussam
1368 3334 1838 3391 nostrorum
1919 3312 2444 3395 ,vulnerumfll
2534 3322 2806 3391 Notavit

663 3442 878 3497 autem
947 3434 1005 3499 is
1049 3432 1511 3519 transpositam
1582 3454 1810 3499 vocem
1865 3432 1937 3496 -in
1997 3430 2203 3496 Theb.
2249 3430 2305 3495 Ι.
2363 3429 2494 3495 375
2537 3452 2603 3518 Ρ.
2657 3428 2802 3495 127.

661 3537 745 3603 ΙΙ.
792 3538 873 3603 91
924 3563 989 3627 Ρ.
1038 3538 1190 3604 314.
1236 3536 1355 3603 111.
1408 3536 1535 3604 703
1565 3562 1632 3627 Ρ.
1679 3539 1832 3605 864.
1924 3537 2132 3604 Paulo
2163 3535 2351 3603 aliter
2383 3537 2609 3603 statuit
2627 3538 2805 3602 'unus

661 3643 1095 3711 Marklandus
1124 3668 1189 3709 v.
1238 3644 1320 3709 67
1366 3666 1435 3732 Ρ.
1468 3644 1630 3735 409:
1679 3643 2100 3729 „Vulnera
2129 3652 2470 3711 nostrae
2501 3654 2802 3709 causae

665 3760 812 3816 sunt
889 3761 1115 3819 nostra
1184 3749 1488 3832 vulnera,
1566 3752 1623 3815 si
1689 3759 1866 3817 recte
1936 3751 2115 3817 loeus
2185 3750 2445 3816 habeat.
2523 3756 2804 3815 nostra

660 3878 905 3923 causa
930 3880 1055 3946 pro
1084 3881 1257 3941 nos,
1306 3867 1380 3923 ut
1425 3876 1674 3923 causa
1715 3860 2007 3925 veneni
2037 3878 2160 3947 pro
2205 3878 2596 3923 venenum
2628 3846 2808 3944 apud·

662 3962 859 4029 Ovid.
907 3962 1068 4030 Met.
1117 3964 1235 4031 IV.
1302 3964 1383 4029 19
1430 3972 1498 4028 et
1552 3964 1894 4031 innumera
1961 3966 2102 4054 ejus
2170 3954 2486 4031 formam?
2531 3962 2665 4031 Sed
2721 3961 2804 4027 de

660 4068 801 4135 loci·
856 4072 1137 4143 sanitate
1212 4069 1478 4137 dubio.“
1589 4068 1682 4135 Et
1747 4072 2003 4138 merito.
2097 4070 2229 4155 Qui
2298 4071 2468 4136 enim
2537 4068 2635 4135 ab·
2677 4068 2804 4135 hoc

663 4172 817 4239 inde
862 4172 1005 4242 loco
1054 4176 1342 4263 singula,
1413 4198 1585 4266 quae
1659 4197 1896 4245 causae
1953 4175 2204 4243 domini
2247 4174 2590 4243 insanabili
2637 4174 2804 4242 orbi-

654 4282 813 4345 tatis
891 4280 1161 4349 vnlnere
1234 4280 1456 4349 afflicti
1539 4282 1873 4371 penitus
1943 4280 2550 4370 pernoscendae
2621 4279 2803 4347 utilia

660 4411 801 4454 esse
850 4386 1215 4472 videantur,
1262 4390 1683 4476 persequitur
1729 4410 1884 4454 cura
1946 4388 2052 4454 vel
2099 4389 2530 4455 minutissima
2579 4387 2670 4475 (v.
2717 4386 2802 4451 69
