<?xml version="1.0" encoding="UTF-8"?>
<!DOCTYPE html PUBLIC "-//W3C//DTD XHTML 1.0 Transitional//EN"
    "http://www.w3.org/TR/xhtml1/DTD/xhtml1-transitional.dtd">
<html xmlns="http://www.w3.org/1999/xhtml" xml:lang="en" lang="en">
 <head>
  <title>
</title>
<meta http-equiv="Content-Type" content="text/html;charset=utf-8" />
  <meta name='ocr-system' content='tesseract 3.04.00' />
  <meta name='ocr-capabilities' content='ocr_page ocr_carea ocr_par ocr_line ocrx_word'/>
</head>
<body>
  <div class='ocr_page' id='page_1' title='image "./ppapiniistatiie00ungegoog_0253.png"; bbox 0 0 3234 4967; ppageno 0'>
   <div class='ocr_carea' id='block_1_1' title="bbox 1243 381 2577 462">
    <p class='ocr_par' dir='ltr' id='par_1_1' title="bbox 1243 381 2577 462">
     <span class='ocr_line' id='line_1_1' title="bbox 1243 381 2577 462; baseline -0.001 -22"><span class='ocrx_word' id='word_1_1' title='bbox 1243 381 1330 462; x_wconf 55' lang='grc' dir='ltr'><strong>(ἕρ</strong></span> <span class='ocrx_word' id='word_1_2' title='bbox 1343 389 1452 459; x_wconf 60' lang='lat' dir='ltr'><strong>nje</strong></span> <span class='ocrx_word' id='word_1_3' title='bbox 1467 403 1494 438; x_wconf 91' lang='lat' dir='ltr'><strong>c</strong></span> <span class='ocrx_word' id='word_1_4' title='bbox 1504 396 1536 444; x_wconf 87' lang='lat' dir='ltr'><strong>t.</strong></span> <span class='ocrx_word' id='word_1_5' title='bbox 1574 387 1754 440; x_wconf 82' lang='lat' dir='ltr'><strong>xvn.</strong></span> <span class='ocrx_word' id='word_1_6' title='bbox 2467 389 2577 451; x_wconf 66' lang='lat'><strong>246·</strong></span> 
     </span>
    </p>
   </div>
   <div class='ocr_carea' id='block_1_2' title="bbox 431 557 2573 1644">
    <p class='ocr_par' dir='ltr' id='par_1_2' title="bbox 431 557 2573 1644">
     <span class='ocr_line' id='line_1_2' title="bbox 571 557 2569 627; baseline -0.002 -13"><span class='ocrx_word' id='word_1_7' title='bbox 571 563 678 614; x_wconf 86' lang='lat' dir='ltr'><strong>Sed</strong></span> <span class='ocrx_word' id='word_1_8' title='bbox 715 564 948 614; x_wconf 87' lang='lat' dir='ltr'><strong>nondum.</strong></span> <span class='ocrx_word' id='word_1_9' title='bbox 977 567 1314 627; x_wconf 83' lang='lat' dir='ltr'><strong>perpurgatus</strong></span> <span class='ocrx_word' id='word_1_10' title='bbox 1350 560 1394 610; x_wconf 90' lang='lat' dir='ltr'><strong>is</strong></span> <span class='ocrx_word' id='word_1_11' title='bbox 1430 561 1576 610; x_wconf 90' lang='lat' dir='ltr'><strong>locus</strong></span> <span class='ocrx_word' id='word_1_12' title='bbox 1614 565 1704 608; x_wconf 89' lang='lat' dir='ltr'><strong>est.</strong></span> <span class='ocrx_word' id='word_1_13' title='bbox 1773 557 1955 624; x_wconf 76' lang='lat' dir='ltr'><strong>Neque</strong></span> <span class='ocrx_word' id='word_1_14' title='bbox 1992 558 2123 609; x_wconf 86' lang='lat' dir='ltr'><strong>enim</strong></span> <span class='ocrx_word' id='word_1_15' title='bbox 2162 559 2399 610; x_wconf 82' lang='lat' dir='ltr'><strong>audiendi</strong></span> <span class='ocrx_word' id='word_1_16' title='bbox 2435 567 2569 620; x_wconf 74' lang='lat' dir='ltr'><strong>sunt,</strong></span> 
     </span>
     <span class='ocr_line' id='line_1_3' title="bbox 434 643 2571 714; baseline -0.002 -16"><span class='ocrx_word' id='word_1_17' title='bbox 434 648 518 711; x_wconf 82' lang='lat' dir='ltr'><strong>qui</strong></span> <span class='ocrx_word' id='word_1_18' title='bbox 557 649 698 698; x_wconf 82' lang='lat' dir='ltr'><strong>illam</strong></span> <span class='ocrx_word' id='word_1_19' title='bbox 734 648 989 714; x_wconf 79' lang='lat' dir='ltr'><strong>rapinam,</strong></span> <span class='ocrx_word' id='word_1_20' title='bbox 1049 646 1192 709; x_wconf 87' lang='lat' dir='ltr'><strong>cujus</strong></span> <span class='ocrx_word' id='word_1_21' title='bbox 1252 645 1386 696; x_wconf 77' lang='lat' dir='ltr'><strong>infra</strong></span> <span class='ocrx_word' id='word_1_22' title='bbox 1418 645 1605 696; x_wconf 74' lang='lat' dir='ltr'><strong>saetam</strong></span> <span class='ocrx_word' id='word_1_23' title='bbox 1642 643 1949 694; x_wconf 81' lang='lat' dir='ltr'><strong>mentionem</strong></span> <span class='ocrx_word' id='word_1_24' title='bbox 1986 644 2213 694; x_wconf 83' lang='lat' dir='ltr'><strong>videmus</strong></span> <span class='ocrx_word' id='word_1_25' title='bbox 2248 660 2293 696; x_wconf 81' lang='lat' dir='ltr'><strong>v,</strong></span> <span class='ocrx_word' id='word_1_26' title='bbox 2334 646 2426 704; x_wconf 83' lang='lat'><strong>75,</strong></span> <span class='ocrx_word' id='word_1_27' title='bbox 2486 643 2571 694; x_wconf 83' lang='lat' dir='ltr'><strong>hic</strong></span> 
     </span>
     <span class='ocr_line' id='line_1_4' title="bbox 431 726 2568 796; baseline -0.002 -14"><span class='ocrx_word' id='word_1_28' title='bbox 431 733 642 796; x_wconf 74' lang='lat' dir='ltr'><strong>intelligi</strong></span> <span class='ocrx_word' id='word_1_29' title='bbox 677 732 1002 791; x_wconf 78' lang='lat' dir='ltr'><strong>arbitrantur,</strong></span> <span class='ocrx_word' id='word_1_30' title='bbox 1039 730 1278 780; x_wconf 82' lang='lat' dir='ltr'><strong>Barthius</strong></span> <span class='ocrx_word' id='word_1_31' title='bbox 1315 737 1366 779; x_wconf 83' lang='lat' dir='ltr'><strong>st</strong></span> <span class='ocrx_word' id='word_1_32' title='bbox 1400 728 1675 780; x_wconf 70' lang='lat' dir='ltr'><strong>Gerartius</strong></span> <span class='ocrx_word' id='word_1_33' title='bbox 1710 743 1773 778; x_wconf 81' lang='lat' dir='ltr'><strong>ac</strong></span> <span class='ocrx_word' id='word_1_34' title='bbox 1808 726 2065 789; x_wconf 85' lang='lat' dir='ltr'><strong>Queckius</strong></span> <span class='ocrx_word' id='word_1_35' title='bbox 2100 744 2149 792; x_wconf 88' lang='lat' dir='ltr'><strong>p.</strong></span> <span class='ocrx_word' id='word_1_36' title='bbox 2184 728 2307 782; x_wconf 74' lang='lat' dir='ltr'><strong>XL:</strong></span> <span class='ocrx_word' id='word_1_37' title='bbox 2366 743 2568 794; x_wconf 84' lang='lat' dir='ltr'><strong>„quem-</strong></span> 
     </span>
     <span class='ocr_line' id='line_1_5' title="bbox 435 811 2568 877; baseline -0.002 -11"><span class='ocrx_word' id='word_1_38' title='bbox 435 818 708 868; x_wconf 82' lang='lat' dir='ltr'><strong>admodum</strong></span> <span class='ocrx_word' id='word_1_39' title='bbox 746 817 890 866; x_wconf 80' lang='lat' dir='ltr'><strong>Mars</strong></span> <span class='ocrx_word' id='word_1_40' title='bbox 927 825 976 866; x_wconf 90' lang='lat' dir='ltr'><strong>et</strong></span> <span class='ocrx_word' id='word_1_41' title='bbox 1012 817 1191 866; x_wconf 86' lang='lat' dir='ltr'><strong>Virtus</strong></span> <span class='ocrx_word' id='word_1_42' title='bbox 1230 816 1366 864; x_wconf 81' lang='lat' dir='ltr'><strong>ridet</strong></span> <span class='ocrx_word' id='word_1_43' title='bbox 1398 815 1430 868; x_wconf 81' lang='lat' dir='ltr'><strong>i.</strong></span> <span class='ocrx_word' id='word_1_44' title='bbox 1467 829 1510 862; x_wconf 89' lang='lat' dir='ltr'><strong>e.</strong></span> <span class='ocrx_word' id='word_1_45' title='bbox 1548 813 1751 872; x_wconf 75' lang='lat' dir='ltr'><strong>risisset,</strong></span> <span class='ocrx_word' id='word_1_46' title='bbox 1804 813 1845 861; x_wconf 89' lang='lat' dir='ltr'><strong>si</strong></span> <span class='ocrx_word' id='word_1_47' title='bbox 1891 811 2111 874; x_wconf 84' lang='lat' dir='ltr'><strong>adesset,</strong></span> <span class='ocrx_word' id='word_1_48' title='bbox 2164 813 2235 862; x_wconf 77' lang='lat' dir='ltr'><strong>ita</strong></span> <span class='ocrx_word' id='word_1_49' title='bbox 2268 828 2422 877; x_wconf 84' lang='lat' dir='ltr'><strong>grues</strong></span> <span class='ocrx_word' id='word_1_50' title='bbox 2460 811 2568 875; x_wconf 76' lang='lat' dir='ltr'><strong>(ca-</strong></span> 
     </span>
     <span class='ocr_line' id='line_1_6' title="bbox 431 896 2570 966; baseline -0.003 -15"><span class='ocrx_word' id='word_1_51' title='bbox 431 916 578 952; x_wconf 82' lang='lat' dir='ltr'><strong>surae</strong></span> <span class='ocrx_word' id='word_1_52' title='bbox 613 896 646 953; x_wconf 88' lang='lat' dir='ltr'><strong>i.</strong></span> <span class='ocrx_word' id='word_1_53' title='bbox 683 915 724 952; x_wconf 83' lang='lat' dir='ltr'><strong>c.</strong></span> <span class='ocrx_word' id='word_1_54' title='bbox 763 915 896 964; x_wconf 81' lang='lat' dir='ltr'><strong>quae</strong></span> <span class='ocrx_word' id='word_1_55' title='bbox 931 901 1115 950; x_wconf 78' lang='lat' dir='ltr'><strong>cadere</strong></span> <span class='ocrx_word' id='word_1_56' title='bbox 1139 908 1354 966; x_wconf 87' lang='lat' dir='ltr'><strong>possunt</strong></span> <span class='ocrx_word' id='word_1_57' title='bbox 1375 899 1428 947; x_wconf 89' lang='lat' dir='ltr'><strong>in</strong></span> <span class='ocrx_word' id='word_1_58' title='bbox 1453 896 1705 962; x_wconf 87' lang='lat' dir='ltr'><strong>pugnam)</strong></span> <span class='ocrx_word' id='word_1_59' title='bbox 1742 897 1920 946; x_wconf 87' lang='lat' dir='ltr'><strong>horum</strong></span> <span class='ocrx_word' id='word_1_60' title='bbox 1945 897 2225 948; x_wconf 83' lang='lat' dir='ltr'><strong>Domitiani</strong></span> <span class='ocrx_word' id='word_1_61' title='bbox 2259 898 2570 962; x_wconf 86' lang='lat' dir='ltr'><strong>pumilorum</strong></span> 
     </span>
     <span class='ocr_line' id='line_1_7' title="bbox 433 981 2571 1049; baseline -0.002 -13"><span class='ocrx_word' id='word_1_62' title='bbox 433 985 673 1036; x_wconf 79' lang='lat' dir='ltr'><strong>ferociam</strong></span> <span class='ocrx_word' id='word_1_63' title='bbox 734 984 1025 1035; x_wconf 64' lang='lat' dir='ltr'><strong>mirantur-‚⁸</strong></span> <span class='ocrx_word' id='word_1_64' title='bbox 1098 984 1334 1049; x_wconf 75' lang='lat' dir='ltr'><strong>Apparet</strong></span> <span class='ocrx_word' id='word_1_65' title='bbox 1370 982 1500 1031; x_wconf 87' lang='lat' dir='ltr'><strong>enim</strong></span> <span class='ocrx_word' id='word_1_66' title='bbox 1537 981 1622 1030; x_wconf 91' lang='lat' dir='ltr'><strong>hic</strong></span> <span class='ocrx_word' id='word_1_67' title='bbox 1658 983 1790 1031; x_wconf 91' lang='lat' dir='ltr'><strong>idem</strong></span> <span class='ocrx_word' id='word_1_68' title='bbox 1828 983 1924 1032; x_wconf 87' lang='lat' dir='ltr'><strong>dici</strong></span> <span class='ocrx_word' id='word_1_69' title='bbox 1962 991 2115 1045; x_wconf 84' lang='lat' dir='ltr'><strong>atque</strong></span> <span class='ocrx_word' id='word_1_70' title='bbox 2150 983 2214 1032; x_wconf 84' lang='lat' dir='ltr'><strong>ab</strong></span> <span class='ocrx_word' id='word_1_71' title='bbox 2252 983 2473 1034; x_wconf 84' lang='lat' dir='ltr'><strong>Homero</strong></span> <span class='ocrx_word' id='word_1_72' title='bbox 2509 981 2571 1032; x_wconf 83' lang='lat'><strong>11.</strong></span> 
     </span>
     <span class='ocr_line' id='line_1_8' title="bbox 433 1059 2573 1137; baseline -0.002 -17"><span class='ocrx_word' id='word_1_73' title='bbox 433 1069 532 1120; x_wconf 84' lang='grc' dir='ltr'><strong>ΙΙΙ.</strong></span> <span class='ocrx_word' id='word_1_74' title='bbox 596 1071 627 1119; x_wconf 89' lang='lat'><strong>3</strong></span> <span class='ocrx_word' id='word_1_75' title='bbox 691 1067 929 1132; x_wconf 84' lang='lat' dir='ltr'><strong>(Aristid.</strong></span> <span class='ocrx_word' id='word_1_76' title='bbox 987 1068 1074 1121; x_wconf 88' lang='lat' dir='ltr'><strong>Or.</strong></span> <span class='ocrx_word' id='word_1_77' title='bbox 1133 1067 1302 1118; x_wconf 85' lang='lat' dir='ltr'>XLV.</span> <span class='ocrx_word' id='word_1_78' title='bbox 1364 1083 1416 1134; x_wconf 90' lang='lat' dir='ltr'><strong>p.</strong></span> <span class='ocrx_word' id='word_1_79' title='bbox 1473 1068 1586 1124; x_wconf 81' lang='lat'><strong>134,</strong></span> <span class='ocrx_word' id='word_1_80' title='bbox 1645 1069 1701 1118; x_wconf 83' lang='lat'><strong>7:</strong></span> <span class='ocrx_word' id='word_1_81' title='bbox 1774 1061 1895 1133; x_wconf 80' lang='grc' dir='ltr'>ὅπερ</span> <span class='ocrx_word' id='word_1_82' title='bbox 1940 1062 2027 1116; x_wconf 71' lang='grc' dir='ltr'><strong>οὖν</strong></span> <span class='ocrx_word' id='word_1_83' title='bbox 2058 1059 2283 1137; x_wconf 84' lang='grc' dir='ltr'><strong>Ὅμηρος</strong></span> <span class='ocrx_word' id='word_1_84' title='bbox 2327 1063 2424 1136; x_wconf 78' lang='grc' dir='ltr'><strong>ἔφη</strong></span> <span class='ocrx_word' id='word_1_85' title='bbox 2457 1064 2573 1122; x_wconf 73' lang='grc' dir='ltr'><strong>τοὺς</strong></span> 
     </span>
     <span class='ocr_line' id='line_1_9' title="bbox 434 1147 2573 1226; baseline -0.001 -22"><span class='ocrx_word' id='word_1_86' title='bbox 434 1147 714 1222; x_wconf 79' lang='grc' dir='ltr'>Πυγμαίους</span> <span class='ocrx_word' id='word_1_87' title='bbox 748 1153 956 1226; x_wconf 83' lang='grc' dir='ltr'>πάσχειν</span> <span class='ocrx_word' id='word_1_88' title='bbox 993 1151 1088 1204; x_wconf 70' lang='grc' dir='ltr'><strong>ὑπὸ</strong></span> <span class='ocrx_word' id='word_1_89' title='bbox 1123 1157 1228 1202; x_wconf 83' lang='grc' dir='ltr'><strong>τῶν</strong></span> <span class='ocrx_word' id='word_1_90' title='bbox 1263 1149 1540 1219; x_wconf 79' lang='grc' dir='ltr'>γεράνων),</span> <span class='ocrx_word' id='word_1_91' title='bbox 1575 1151 1797 1217; x_wconf 81' lang='lat' dir='ltr'><strong>Virgilio</strong></span> <span class='ocrx_word' id='word_1_92' title='bbox 1836 1153 1964 1204; x_wconf 81' lang='lat' dir='ltr'><strong>Aen.</strong></span> <span class='ocrx_word' id='word_1_93' title='bbox 2004 1149 2098 1203; x_wconf 83' lang='lat' dir='ltr'><strong>v1.</strong></span> <span class='ocrx_word' id='word_1_94' title='bbox 2136 1154 2251 1216; x_wconf 78' lang='lat'><strong>311,</strong></span> <span class='ocrx_word' id='word_1_95' title='bbox 2289 1151 2573 1206; x_wconf 81' lang='lat' dir='ltr'><strong>Claudiano</strong></span> 
     </span>
     <span class='ocr_line' id='line_1_10' title="bbox 435 1236 2571 1301; baseline -0.001 -12"><span class='ocrx_word' id='word_1_96' title='bbox 435 1239 495 1296; x_wconf 84' lang='lat' dir='ltr'><strong>B.</strong></span> <span class='ocrx_word' id='word_1_97' title='bbox 536 1238 674 1289; x_wconf 84' lang='lat' dir='ltr'><strong>Gild.</strong></span> <span class='ocrx_word' id='word_1_98' title='bbox 711 1239 840 1290; x_wconf 83' lang='lat'>474:</span> <span class='ocrx_word' id='word_1_99' title='bbox 904 1238 1167 1300; x_wconf 81' lang='lat' dir='ltr'><strong>„Pendula</strong></span> <span class='ocrx_word' id='word_1_100' title='bbox 1203 1253 1317 1288; x_wconf 87' lang='lat' dir='ltr'><strong>cum</strong></span> <span class='ocrx_word' id='word_1_101' title='bbox 1353 1237 1571 1301; x_wconf 85' lang='lat' dir='ltr'><strong>parvis</strong></span> <span class='ocrx_word' id='word_1_102' title='bbox 1608 1244 1865 1286; x_wconf 70' lang='lat' dir='ltr'><strong>moturae</strong></span> <span class='ocrx_word' id='word_1_103' title='bbox 1902 1236 2073 1286; x_wconf 86' lang='lat' dir='ltr'><strong>bella</strong></span> <span class='ocrx_word' id='word_1_104' title='bbox 2109 1236 2421 1297; x_wconf 84' lang='lat' dir='ltr'><strong>colonis“‚</strong></span> <span class='ocrx_word' id='word_1_105' title='bbox 2459 1236 2571 1287; x_wconf 85' lang='lat' dir='ltr'><strong>Ma-</strong></span> 
     </span>
     <span class='ocr_line' id='line_1_11' title="bbox 439 1313 2573 1390; baseline -0.002 -16"><span class='ocrx_word' id='word_1_106' title='bbox 439 1325 589 1374; x_wconf 88' lang='lat' dir='ltr'><strong>nuele</strong></span> <span class='ocrx_word' id='word_1_107' title='bbox 626 1322 776 1372; x_wconf 88' lang='lat' dir='ltr'><strong>Phile</strong></span> <span class='ocrx_word' id='word_1_108' title='bbox 813 1325 878 1372; x_wconf 89' lang='lat' dir='ltr'><strong>de</strong></span> <span class='ocrx_word' id='word_1_109' title='bbox 913 1322 1088 1374; x_wconf 87' lang='lat' dir='ltr'><strong>Anim.</strong></span> <span class='ocrx_word' id='word_1_110' title='bbox 1126 1322 1314 1386; x_wconf 75' lang='lat' dir='ltr'><strong>Propr.</strong></span> <span class='ocrx_word' id='word_1_111' title='bbox 1356 1325 1433 1382; x_wconf 88' lang='lat'><strong>11,</strong></span> <span class='ocrx_word' id='word_1_112' title='bbox 1470 1323 1530 1372; x_wconf 80' lang='lat'><strong>4:</strong></span> <span class='ocrx_word' id='word_1_113' title='bbox 1600 1318 1693 1390; x_wconf 87' lang='grc' dir='ltr'><strong>τὴν</strong></span> <span class='ocrx_word' id='word_1_114' title='bbox 1741 1319 1971 1386; x_wconf 81' lang='grc' dir='ltr'>στρατιὰν</span> <span class='ocrx_word' id='word_1_115' title='bbox 2006 1325 2110 1372; x_wconf 81' lang='grc' dir='ltr'><strong>τῶν</strong></span> <span class='ocrx_word' id='word_1_116' title='bbox 2145 1319 2365 1389; x_wconf 77' lang='grc' dir='ltr'>γεράνων</span> <span class='ocrx_word' id='word_1_117' title='bbox 2405 1347 2463 1356; x_wconf 86' lang='lat'><strong>--</strong></span> <span class='ocrx_word' id='word_1_118' title='bbox 2503 1313 2573 1370; x_wconf 83' lang='grc' dir='ltr'><strong>Τὸ</strong></span> 
     </span>
     <span class='ocr_line' id='line_1_12' title="bbox 435 1402 2571 1478; baseline -0.001 -22"><span class='ocrx_word' id='word_1_119' title='bbox 435 1409 528 1458; x_wconf 80' lang='grc' dir='ltr'><strong>τοῦ</strong></span> <span class='ocrx_word' id='word_1_120' title='bbox 564 1405 755 1478; x_wconf 74' lang='grc' dir='ltr'>ψύχους</span> <span class='ocrx_word' id='word_1_121' title='bbox 793 1403 1071 1476; x_wconf 69' lang='grc' dir='ltr'>φεύγουσαν</span> <span class='ocrx_word' id='word_1_122' title='bbox 1109 1403 1356 1478; x_wconf 66' lang='grc' dir='ltr'>εὐτέχνως</span> <span class='ocrx_word' id='word_1_123' title='bbox 1393 1402 1560 1474; x_wconf 85' lang='grc' dir='ltr'><strong>βέλος,</strong></span> <span class='ocrx_word' id='word_1_124' title='bbox 1597 1406 1728 1470; x_wconf 87' lang='lat' dir='ltr'><strong>aliis,</strong></span> <span class='ocrx_word' id='word_1_125' title='bbox 1767 1421 1895 1468; x_wconf 90' lang='lat' dir='ltr'><strong>quos</strong></span> <span class='ocrx_word' id='word_1_126' title='bbox 1932 1406 2162 1457; x_wconf 80' lang='lat' dir='ltr'><strong>nominat</strong></span> <span class='ocrx_word' id='word_1_127' title='bbox 2195 1404 2483 1456; x_wconf 85' lang='lat' dir='ltr'><strong>Bochartus</strong></span> <span class='ocrx_word' id='word_1_128' title='bbox 2499 1405 2571 1458; x_wconf 90' lang='lat'><strong>11.</strong></span> 
     </span>
     <span class='ocr_line' id='line_1_13' title="bbox 437 1489 2573 1557; baseline -0.002 -13"><span class='ocrx_word' id='word_1_129' title='bbox 437 1493 648 1544; x_wconf 72' lang='lat' dir='ltr'><strong>Hier-oz.</strong></span> <span class='ocrx_word' id='word_1_130' title='bbox 687 1494 726 1542; x_wconf 91' lang='lat'><strong>1.</strong></span> <span class='ocrx_word' id='word_1_131' title='bbox 771 1495 827 1541; x_wconf 85' lang='lat'><strong>11</strong></span> <span class='ocrx_word' id='word_1_132' title='bbox 867 1507 916 1557; x_wconf 89' lang='lat' dir='ltr'><strong>p.</strong></span> <span class='ocrx_word' id='word_1_133' title='bbox 958 1494 1022 1542; x_wconf 89' lang='grc'><strong>70</strong></span> <span class='ocrx_word' id='word_1_134' title='bbox 1059 1506 1133 1556; x_wconf 89' lang='lat' dir='ltr'><strong>sq.</strong></span> <span class='ocrx_word' id='word_1_135' title='bbox 1194 1492 1258 1542; x_wconf 78' lang='lat' dir='ltr'><strong>cf.</strong></span> <span class='ocrx_word' id='word_1_136' title='bbox 1298 1490 1485 1544; x_wconf 79' lang='lat' dir='ltr'><strong>cleric.</strong></span> <span class='ocrx_word' id='word_1_137' title='bbox 1521 1491 1556 1542; x_wconf 92' lang='lat' dir='ltr'><strong>l.</strong></span> <span class='ocrx_word' id='word_1_138' title='bbox 1597 1492 1645 1541; x_wconf 90' lang='lat' dir='ltr'><strong>d.</strong></span> <span class='ocrx_word' id='word_1_139' title='bbox 1683 1490 1913 1556; x_wconf 87' lang='lat' dir='ltr'><strong>Dempst.</strong></span> <span class='ocrx_word' id='word_1_140' title='bbox 1955 1489 2161 1556; x_wconf 83' lang='lat' dir='ltr'><strong>Coripp.</strong></span> <span class='ocrx_word' id='word_1_141' title='bbox 2199 1489 2333 1540; x_wconf 81' lang='lat' dir='ltr'><strong>Just.</strong></span> <span class='ocrx_word' id='word_1_142' title='bbox 2370 1490 2468 1540; x_wconf 90' lang='lat'><strong>111.</strong></span> <span class='ocrx_word' id='word_1_143' title='bbox 2509 1493 2573 1541; x_wconf 74' lang='lat'><strong>52</strong></span> 
     </span>
     <span class='ocr_line' id='line_1_14' title="bbox 438 1579 654 1644; baseline 0.005 -17"><span class='ocrx_word' id='word_1_144' title='bbox 438 1594 489 1644; x_wconf 91' lang='lat' dir='ltr'><strong>p.</strong></span> <span class='ocrx_word' id='word_1_145' title='bbox 526 1579 654 1628; x_wconf 78' lang='lat'>410:</span> 
     </span>
    </p>
   </div>
   <div class='ocr_carea' id='block_1_3' title="bbox 1007 1695 2034 1850">
    <p class='ocr_par' dir='ltr' id='par_1_3' title="bbox 1007 1695 2034 1850">
     <span class='ocr_line' id='line_1_15' title="bbox 1007 1695 2034 1766; baseline -0.009 -13"><span class='ocrx_word' id='word_1_146' title='bbox 1007 1699 1402 1766; x_wconf 77' lang='lat' dir='ltr'><strong>Cessuraeque</strong></span> <span class='ocrx_word' id='word_1_147' title='bbox 1438 1700 1584 1764; x_wconf 72' lang='lat' dir='ltr'><strong>vagis</strong></span> <span class='ocrx_word' id='word_1_148' title='bbox 1623 1701 1775 1762; x_wconf 84' lang='lat' dir='ltr'><strong>grues&#39;</strong></span> <span class='ocrx_word' id='word_1_149' title='bbox 1809 1712 1842 1761; x_wconf 90' lang='grc' dir='ltr'><strong>Ρ</strong></span> <span class='ocrx_word' id='word_1_150' title='bbox 1858 1695 2034 1745; x_wconf 85' lang='lat' dir='ltr'><strong>ruinis</strong></span> 
     </span>
     <span class='ocr_line' id='line_1_16' title="bbox 1008 1782 1933 1850; baseline -0.006 -12"><span class='ocrx_word' id='word_1_151' title='bbox 1008 1785 1190 1838; x_wconf 80' lang='lat' dir='ltr'><strong>Norint</strong></span> <span class='ocrx_word' id='word_1_152' title='bbox 1225 1784 1600 1850; x_wconf 82' lang='lat' dir='ltr'><strong>Trispithamos</strong></span> <span class='ocrx_word' id='word_1_153' title='bbox 1636 1782 1933 1836; x_wconf 77' lang='lat' dir='ltr'><strong>ferociores.</strong></span> 
     </span>
    </p>
   </div>
   <div class='ocr_carea' id='block_1_4' title="bbox 439 1921 2617 4456">
    <p class='ocr_par' dir='ltr' id='par_1_4' title="bbox 439 1921 2617 4456">
     <span class='ocr_line' id='line_1_17' title="bbox 441 1921 2577 1991; baseline -0.001 -15"><span class='ocrx_word' id='word_1_154' title='bbox 441 1927 524 1976; x_wconf 88' lang='lat' dir='ltr'><strong>De</strong></span> <span class='ocrx_word' id='word_1_155' title='bbox 562 1939 664 1991; x_wconf 79' lang='lat' dir='ltr'><strong>qua</strong></span> <span class='ocrx_word' id='word_1_156' title='bbox 700 1923 986 1975; x_wconf 78' lang='lat' dir='ltr'><strong>mutatione</strong></span> <span class='ocrx_word' id='word_1_157' title='bbox 1023 1925 1095 1973; x_wconf 86' lang='lat' dir='ltr'><strong>sic</strong></span> <span class='ocrx_word' id='word_1_158' title='bbox 1132 1924 1340 1978; x_wconf 84' lang='lat' dir='ltr'><strong>habeto:</strong></span> <span class='ocrx_word' id='word_1_159' title='bbox 1401 1924 1596 1974; x_wconf 83' lang='lat' dir='ltr'><strong>litteras</strong></span> <span class='ocrx_word' id='word_1_160' title='bbox 1658 1939 1749 1984; x_wconf 82' lang='lat' dir='ltr'><strong>ra,</strong></span> <span class='ocrx_word' id='word_1_161' title='bbox 1809 1939 1876 1973; x_wconf 88' lang='lat' dir='ltr'><strong>ru</strong></span> <span class='ocrx_word' id='word_1_162' title='bbox 1937 1921 2087 1988; x_wconf 83' lang='lat' dir='ltr'><strong>(quas</strong></span> <span class='ocrx_word' id='word_1_163' title='bbox 2144 1939 2323 1988; x_wconf 84' lang='lat' dir='ltr'><strong>parum</strong></span> <span class='ocrx_word' id='word_1_164' title='bbox 2372 1923 2577 1975; x_wconf 79' lang='lat' dir='ltr'><strong>differre</strong></span> 
     </span>
     <span class='ocr_line' id='line_1_18' title="bbox 440 2005 2577 2076; baseline -0 -16"><span class='ocrx_word' id='word_1_165' title='bbox 440 2025 596 2076; x_wconf 85' lang='lat' dir='ltr'><strong>supra</strong></span> <span class='ocrx_word' id='word_1_166' title='bbox 631 2008 936 2074; x_wconf 81' lang='lat' dir='ltr'><strong>docuimus),</strong></span> <span class='ocrx_word' id='word_1_167' title='bbox 974 2024 1130 2073; x_wconf 82' lang='lat' dir='ltr'><strong>quum</strong></span> <span class='ocrx_word' id='word_1_168' title='bbox 1167 2010 1472 2074; x_wconf 80' lang='lat' dir='ltr'><strong>superscribi</strong></span> <span class='ocrx_word' id='word_1_169' title='bbox 1508 2015 1725 2074; x_wconf 79' lang='lat' dir='ltr'><strong>coeptae</strong></span> <span class='ocrx_word' id='word_1_170' title='bbox 1763 2016 1952 2070; x_wconf 86' lang='lat' dir='ltr'><strong>essent,</strong></span> <span class='ocrx_word' id='word_1_171' title='bbox 1988 2024 2082 2058; x_wconf 89' lang='lat' dir='ltr'><strong>suo</strong></span> <span class='ocrx_word' id='word_1_172' title='bbox 2117 2010 2233 2060; x_wconf 90' lang='lat' dir='ltr'><strong>loco</strong></span> <span class='ocrx_word' id='word_1_173' title='bbox 2270 2011 2449 2074; x_wconf 87' lang='lat' dir='ltr'><strong>reponi</strong></span> <span class='ocrx_word' id='word_1_174' title='bbox 2486 2005 2577 2060; x_wconf 85' lang='lat' dir='ltr'><strong>de-</strong></span> 
     </span>
     <span class='ocr_line' id='line_1_19' title="bbox 439 2093 2576 2160; baseline -0 -15"><span class='ocrx_word' id='word_1_175' title='bbox 439 2096 566 2146; x_wconf 80' lang='lat' dir='ltr'><strong>sitas</strong></span> <span class='ocrx_word' id='word_1_176' title='bbox 604 2109 666 2143; x_wconf 80' lang='lat' dir='ltr'><strong>ea</strong></span> <span class='ocrx_word' id='word_1_177' title='bbox 701 2093 914 2143; x_wconf 81' lang='lat' dir='ltr'><strong>levitate</strong></span> <span class='ocrx_word' id='word_1_178' title='bbox 950 2109 1075 2154; x_wconf 88' lang='lat' dir='ltr'><strong>esse,</strong></span> <span class='ocrx_word' id='word_1_179' title='bbox 1111 2094 1259 2157; x_wconf 87' lang='lat' dir='ltr'><strong>cujus</strong></span> <span class='ocrx_word' id='word_1_180' title='bbox 1297 2095 1493 2156; x_wconf 75' lang='lat' dir='ltr'><strong>aliquot</strong></span> <span class='ocrx_word' id='word_1_181' title='bbox 1528 2094 1766 2158; x_wconf 83' lang='lat' dir='ltr'><strong>exempla</strong></span> <span class='ocrx_word' id='word_1_182' title='bbox 1800 2094 2121 2158; x_wconf 76' lang='lat' dir='ltr'><strong>proferemus</strong></span> <span class='ocrx_word' id='word_1_183' title='bbox 2156 2095 2402 2145; x_wconf 78' lang='lat' dir='ltr'><strong>Emendd.</strong></span> <span class='ocrx_word' id='word_1_184' title='bbox 2424 2094 2576 2160; x_wconf 86' lang='lat' dir='ltr'><strong>Prop.</strong></span> 
     </span>
     <span class='ocr_line' id='line_1_20' title="bbox 441 2174 2577 2244; baseline -0 -15"><span class='ocrx_word' id='word_1_185' title='bbox 441 2179 594 2229; x_wconf 86' lang='lat' dir='ltr'><strong>V111.</strong></span> <span class='ocrx_word' id='word_1_186' title='bbox 635 2180 660 2227; x_wconf 93' lang='lat'><strong>1</strong></span> <span class='ocrx_word' id='word_1_187' title='bbox 723 2177 1014 2242; x_wconf 77' lang='lat' dir='ltr'><strong>(pruinisz</strong></span> <span class='ocrx_word' id='word_1_188' title='bbox 1076 2178 1326 2243; x_wconf 84' lang='lat' dir='ltr'><strong>rapinis)</strong></span> <span class='ocrx_word' id='word_1_189' title='bbox 1362 2174 1520 2242; x_wconf 88' lang='lat' dir='ltr'><strong>idque</strong></span> <span class='ocrx_word' id='word_1_190' title='bbox 1557 2193 1621 2228; x_wconf 84' lang='lat' dir='ltr'><strong>eo</strong></span> <span class='ocrx_word' id='word_1_191' title='bbox 1657 2177 1857 2228; x_wconf 78' lang='lat' dir='ltr'><strong>facilius</strong></span> <span class='ocrx_word' id='word_1_192' title='bbox 1892 2178 2163 2239; x_wconf 80' lang='lat' dir='ltr'><strong>accidisse,</strong></span> <span class='ocrx_word' id='word_1_193' title='bbox 2220 2181 2357 2244; x_wconf 87' lang='lat' dir='ltr'><strong>quod</strong></span> <span class='ocrx_word' id='word_1_194' title='bbox 2392 2179 2577 2230; x_wconf 85' lang='lat' dir='ltr'><strong>descri-</strong></span> 
     </span>
     <span class='ocr_line' id='line_1_21' title="bbox 441 2261 2617 2328; baseline -0.001 -15"><span class='ocrx_word' id='word_1_195' title='bbox 441 2264 668 2313; x_wconf 88' lang='lat' dir='ltr'><strong>bentium</strong></span> <span class='ocrx_word' id='word_1_196' title='bbox 729 2263 948 2312; x_wconf 82' lang='lat' dir='ltr'><strong>animum</strong></span> <span class='ocrx_word' id='word_1_197' title='bbox 1009 2264 1202 2313; x_wconf 89' lang='lat' dir='ltr'><strong>subiret</strong></span> <span class='ocrx_word' id='word_1_198' title='bbox 1260 2265 1549 2313; x_wconf 77' lang='lat' dir='ltr'><strong>recordatio</strong></span> <span class='ocrx_word' id='word_1_199' title='bbox 1587 2278 1762 2313; x_wconf 81' lang='lat' dir='ltr'><strong>versus</strong></span> <span class='ocrx_word' id='word_1_200' title='bbox 1811 2263 1907 2312; x_wconf 82' lang='lat'><strong>16:</strong></span> <span class='ocrx_word' id='word_1_201' title='bbox 1982 2263 2195 2328; x_wconf 80' lang='lat' dir='ltr'><strong>„Largis</strong></span> <span class='ocrx_word' id='word_1_202' title='bbox 2232 2261 2617 2328; x_wconf 79' lang='lat' dir='ltr'><strong>(gratuitum).</strong></span> 
     </span>
     <span class='ocr_line' id='line_1_22' title="bbox 440 2347 2577 2412; baseline 0 -14"><span class='ocrx_word' id='word_1_203' title='bbox 440 2349 622 2398; x_wconf 81' lang='lat' dir='ltr'><strong>cadit</strong></span> <span class='ocrx_word' id='word_1_204' title='bbox 657 2347 931 2412; x_wconf 81' lang='lat' dir='ltr'><strong>rapinis“</strong></span> <span class='ocrx_word' id='word_1_205' title='bbox 974 2356 1024 2397; x_wconf 89' lang='lat' dir='ltr'><strong>et</strong></span> <span class='ocrx_word' id='word_1_206' title='bbox 1062 2351 1154 2400; x_wconf 74' lang='lat'><strong>751</strong></span> <span class='ocrx_word' id='word_1_207' title='bbox 1229 2348 1398 2411; x_wconf 84' lang='lat' dir='ltr'><strong>„Inter</strong></span> <span class='ocrx_word' id='word_1_208' title='bbox 1435 2361 1566 2412; x_wconf 83' lang='lat' dir='ltr'><strong>quae</strong></span> <span class='ocrx_word' id='word_1_209' title='bbox 1605 2349 1776 2398; x_wconf 89' lang='lat' dir='ltr'><strong>subito</strong></span> <span class='ocrx_word' id='word_1_210' title='bbox 1815 2350 2048 2398; x_wconf 87' lang='lat' dir='ltr'><strong>cadunt</strong></span> <span class='ocrx_word' id='word_1_211' title='bbox 2082 2349 2256 2398; x_wconf 86' lang='lat' dir='ltr'><strong>volatu</strong></span> <span class='ocrx_word' id='word_1_212' title='bbox 2292 2347 2577 2398; x_wconf 79' lang='lat' dir='ltr'><strong>Immensae</strong></span> 
     </span>
     <span class='ocr_line' id='line_1_23' title="bbox 442 2432 2577 2498; baseline 0 -16"><span class='ocrx_word' id='word_1_213' title='bbox 442 2433 780 2484; x_wconf 80' lang='lat' dir='ltr'><strong>volucrum</strong></span> <span class='ocrx_word' id='word_1_214' title='bbox 817 2446 912 2497; x_wconf 87' lang='lat' dir='ltr'><strong>per</strong></span> <span class='ocrx_word' id='word_1_215' title='bbox 946 2440 1082 2482; x_wconf 82' lang='lat' dir='ltr'><strong>astra</strong></span> <span class='ocrx_word' id='word_1_216' title='bbox 1118 2432 1324 2486; x_wconf 83' lang='lat' dir='ltr'><strong>nubes.“</strong></span> <span class='ocrx_word' id='word_1_217' title='bbox 1398 2433 1633 2493; x_wconf 83' lang='lat' dir='ltr'><strong>Accedit,</strong></span> <span class='ocrx_word' id='word_1_218' title='bbox 1694 2433 1827 2495; x_wconf 87' lang='lat' dir='ltr'><strong>quod</strong></span> <span class='ocrx_word' id='word_1_219' title='bbox 1866 2433 2077 2484; x_wconf 85' lang='lat' dir='ltr'><strong>ruinis</strong></span> <span class='ocrx_word' id='word_1_220' title='bbox 2133 2432 2217 2496; x_wconf 88' lang='lat' dir='ltr'><strong>(ut</strong></span> <span class='ocrx_word' id='word_1_221' title='bbox 2252 2436 2385 2498; x_wconf 85' lang='lat' dir='ltr'><strong>apud</strong></span> <span class='ocrx_word' id='word_1_222' title='bbox 2422 2432 2577 2483; x_wconf 87' lang='lat' dir='ltr'><strong>Clan-</strong></span> 
     </span>
     <span class='ocr_line' id='line_1_24' title="bbox 445 2515 2577 2584; baseline -0 -16"><span class='ocrx_word' id='word_1_223' title='bbox 445 2519 654 2568; x_wconf 83' lang='lat' dir='ltr'><strong>dianum</strong></span> <span class='ocrx_word' id='word_1_224' title='bbox 690 2519 750 2567; x_wconf 86' lang='lat' dir='ltr'><strong>B.</strong></span> <span class='ocrx_word' id='word_1_225' title='bbox 791 2515 904 2570; x_wconf 83' lang='lat' dir='ltr'><strong>Get.</strong></span> <span class='ocrx_word' id='word_1_226' title='bbox 943 2519 1043 2568; x_wconf 80' lang='lat'><strong>326</strong></span> <span class='ocrx_word' id='word_1_227' title='bbox 1079 2519 1133 2567; x_wconf 85' lang='lat' dir='ltr'><strong>in</strong></span> <span class='ocrx_word' id='word_1_228' title='bbox 1169 2519 1290 2572; x_wconf 68' lang='lat' dir='ltr'><strong>«lun.</strong></span> <span class='ocrx_word' id='word_1_229' title='bbox 1330 2517 1432 2584; x_wconf 88' lang='lat' dir='ltr'><strong>pr.)</strong></span> <span class='ocrx_word' id='word_1_230' title='bbox 1486 2520 1689 2582; x_wconf 82' lang='lat' dir='ltr'><strong>saepius</strong></span> <span class='ocrx_word' id='word_1_231' title='bbox 1744 2533 1838 2582; x_wconf 86' lang='lat' dir='ltr'><strong>pro</strong></span> <span class='ocrx_word' id='word_1_232' title='bbox 1891 2519 2115 2583; x_wconf 82' lang='lat' dir='ltr'><strong>pruinis</strong></span> <span class='ocrx_word' id='word_1_233' title='bbox 2160 2527 2427 2567; x_wconf 79' lang='lat' dir='ltr'><strong>exaratum</strong></span> <span class='ocrx_word' id='word_1_234' title='bbox 2463 2532 2577 2583; x_wconf 87' lang='lat' dir='ltr'><strong>per·</strong></span> 
     </span>
     <span class='ocr_line' id='line_1_25' title="bbox 445 2603 2580 2669; baseline 0 -16"><span class='ocrx_word' id='word_1_235' title='bbox 445 2603 630 2653; x_wconf 84' lang='lat' dir='ltr'><strong>mutari</strong></span> <span class='ocrx_word' id='word_1_236' title='bbox 666 2603 871 2653; x_wconf 89' lang='lat' dir='ltr'><strong>solitum</strong></span> <span class='ocrx_word' id='word_1_237' title='bbox 911 2611 988 2652; x_wconf 87' lang='lat' dir='ltr'><strong>est</strong></span> <span class='ocrx_word' id='word_1_238' title='bbox 1023 2617 1134 2652; x_wconf 88' lang='lat' dir='ltr'><strong>cum</strong></span> <span class='ocrx_word' id='word_1_239' title='bbox 1172 2605 1424 2668; x_wconf 83' lang='lat' dir='ltr'><strong>rapinis</strong></span> <span class='ocrx_word' id='word_1_240' title='bbox 1461 2603 1635 2652; x_wconf 89' lang='lat' dir='ltr'><strong>Burm.</strong></span> <span class='ocrx_word' id='word_1_241' title='bbox 1671 2603 1789 2658; x_wconf 81' lang='lat' dir='ltr'><strong>Ruf.</strong></span> <span class='ocrx_word' id='word_1_242' title='bbox 1829 2604 1870 2654; x_wconf 89' lang='lat'><strong>1.</strong></span> <span class='ocrx_word' id='word_1_243' title='bbox 1911 2605 2008 2654; x_wconf 85' lang='lat'><strong>193</strong></span> <span class='ocrx_word' id='word_1_244' title='bbox 2044 2620 2094 2669; x_wconf 88' lang='grc' dir='ltr'><strong>Ρ.</strong></span> <span class='ocrx_word' id='word_1_245' title='bbox 2114 2605 2181 2654; x_wconf 86' lang='grc'><strong>46</strong></span> <span class='ocrx_word' id='word_1_246' title='bbox 2218 2603 2282 2652; x_wconf 86' lang='lat' dir='ltr'><strong>cf.</strong></span> <span class='ocrx_word' id='word_1_247' title='bbox 2323 2603 2580 2657; x_wconf 87' lang='lat' dir='ltr'><strong>Aldhelm.</strong></span> 
     </span>
     <span class='ocr_line' id='line_1_26' title="bbox 447 2686 2577 2754; baseline 0 -17"><span class='ocrx_word' id='word_1_248' title='bbox 447 2690 512 2737; x_wconf 84' lang='lat' dir='ltr'><strong>de</strong></span> <span class='ocrx_word' id='word_1_249' title='bbox 547 2687 713 2738; x_wconf 79' lang='lat' dir='ltr'><strong>Laud.</strong></span> <span class='ocrx_word' id='word_1_250' title='bbox 753 2687 896 2752; x_wconf 81' lang='lat' dir='ltr'><strong>Virg.</strong></span> <span class='ocrx_word' id='word_1_251' title='bbox 933 2705 983 2752; x_wconf 88' lang='lat' dir='ltr'><strong>p.</strong></span> <span class='ocrx_word' id='word_1_252' title='bbox 1019 2690 1150 2739; x_wconf 80' lang='lat'>484:</span> <span class='ocrx_word' id='word_1_253' title='bbox 1225 2690 1394 2750; x_wconf 79' lang='lat' dir='ltr'><strong>„velut</strong></span> <span class='ocrx_word' id='word_1_254' title='bbox 1429 2688 1593 2739; x_wconf 79' lang='lat' dir='ltr'><strong>fomes</strong></span> <span class='ocrx_word' id='word_1_255' title='bbox 1641 2689 1856 2754; x_wconf 83' lang='lat' dir='ltr'><strong>pruina</strong></span> <span class='ocrx_word' id='word_1_256' title='bbox 1914 2689 1995 2740; x_wconf 88' lang='lat' dir='ltr'><strong>vel</strong></span> <span class='ocrx_word' id='word_1_257' title='bbox 2030 2704 2182 2738; x_wconf 82' lang='lat' dir='ltr'><strong>saevo</strong></span> <span class='ocrx_word' id='word_1_258' title='bbox 2219 2686 2577 2738; x_wconf 55' lang='lat' dir='ltr'><strong>madefactus!</strong></span> 
     </span>
     <span class='ocr_line' id='line_1_27' title="bbox 448 2773 2582 2838; baseline 0 -16"><span class='ocrx_word' id='word_1_259' title='bbox 448 2774 641 2822; x_wconf 84' lang='lat' dir='ltr'><strong>Meurs.</strong></span> <span class='ocrx_word' id='word_1_260' title='bbox 678 2773 886 2822; x_wconf 81' lang='lat' dir='ltr'><strong>Mantis.</strong></span> <span class='ocrx_word' id='word_1_261' title='bbox 925 2776 952 2822; x_wconf 90' lang='lat'>1</span> <span class='ocrx_word' id='word_1_262' title='bbox 990 2789 1040 2838; x_wconf 89' lang='lat' dir='ltr'><strong>p.</strong></span> <span class='ocrx_word' id='word_1_263' title='bbox 1077 2774 1143 2822; x_wconf 88' lang='grc'><strong>93</strong></span> <span class='ocrx_word' id='word_1_264' title='bbox 1178 2786 1320 2824; x_wconf 83' lang='lat' dir='ltr'><strong>vere:</strong></span> <span class='ocrx_word' id='word_1_265' title='bbox 1396 2774 1631 2836; x_wconf 81' lang='lat' dir='ltr'><strong>„arvina</strong></span> <span class='ocrx_word' id='word_1_266' title='bbox 1664 2773 1750 2822; x_wconf 73' lang='lat' dir='ltr'><strong>vel</strong></span> <span class='ocrx_word' id='word_1_267' title='bbox 1783 2775 1953 2824; x_wconf 84' lang='lat' dir='ltr'><strong>sevo.“</strong></span> <span class='ocrx_word' id='word_1_268' title='bbox 2022 2773 2091 2823; x_wconf 87' lang='lat' dir='ltr'><strong>Et</strong></span> <span class='ocrx_word' id='word_1_269' title='bbox 2133 2775 2271 2824; x_wconf 81' lang='lat' dir='ltr'><strong>vocis</strong></span> <span class='ocrx_word' id='word_1_270' title='bbox 2307 2775 2582 2838; x_wconf 70' lang='lat' dir='ltr'><strong>pruinae</strong></span> 
     </span>
     <span class='ocr_line' id='line_1_28' title="bbox 447 2857 2581 2924; baseline 0.001 -18"><span class='ocrx_word' id='word_1_271' title='bbox 447 2857 652 2922; x_wconf 87' lang='lat' dir='ltr'><strong>quidem</strong></span> <span class='ocrx_word' id='word_1_272' title='bbox 689 2871 834 2906; x_wconf 86' lang='lat' dir='ltr'><strong>usum</strong></span> <span class='ocrx_word' id='word_1_273' title='bbox 869 2865 918 2906; x_wconf 86' lang='lat' dir='ltr'><strong>et</strong></span> <span class='ocrx_word' id='word_1_274' title='bbox 954 2857 1358 2920; x_wconf 81' lang='lat' dir='ltr'><strong>Cannegieterus</strong></span> <span class='ocrx_word' id='word_1_275' title='bbox 1392 2857 1577 2909; x_wconf 84' lang='lat' dir='ltr'><strong>Avian.</strong></span> <span class='ocrx_word' id='word_1_276' title='bbox 1619 2860 1698 2917; x_wconf 81' lang='lat'><strong>29,</strong></span> <span class='ocrx_word' id='word_1_277' title='bbox 1738 2861 1763 2907; x_wconf 91' lang='lat'>1</span> <span class='ocrx_word' id='word_1_278' title='bbox 1803 2875 1852 2922; x_wconf 88' lang='lat' dir='ltr'><strong>p.</strong></span> <span class='ocrx_word' id='word_1_279' title='bbox 1894 2860 1993 2908; x_wconf 83' lang='lat'><strong>164</strong></span> <span class='ocrx_word' id='word_1_280' title='bbox 2027 2873 2101 2924; x_wconf 86' lang='lat' dir='ltr'><strong>sq.</strong></span> <span class='ocrx_word' id='word_1_281' title='bbox 2173 2861 2581 2924; x_wconf 84' lang='lat' dir='ltr'><strong>Arntzeuiusqus</strong></span> 
     </span>
     <span class='ocr_line' id='line_1_29' title="bbox 447 2941 2581 3010; baseline 0 -16"><span class='ocrx_word' id='word_1_282' title='bbox 447 2941 624 2994; x_wconf 83' lang='lat' dir='ltr'><strong>Sedul.</strong></span> <span class='ocrx_word' id='word_1_283' title='bbox 663 2942 706 2991; x_wconf 91' lang='lat'><strong>1.</strong></span> <span class='ocrx_word' id='word_1_284' title='bbox 748 2942 810 2990; x_wconf 85' lang='grc'><strong>72</strong></span> <span class='ocrx_word' id='word_1_285' title='bbox 847 2957 895 3006; x_wconf 89' lang='lat' dir='ltr'><strong>p.</strong></span> <span class='ocrx_word' id='word_1_286' title='bbox 931 2943 999 2992; x_wconf 85' lang='lat'><strong>49</strong></span> <span class='ocrx_word' id='word_1_287' title='bbox 1054 2942 1116 2990; x_wconf 86' lang='lat' dir='ltr'><strong>cf.</strong></span> <span class='ocrx_word' id='word_1_288' title='bbox 1155 2942 1296 2991; x_wconf 84' lang='lat' dir='ltr'><strong>Duk.</strong></span> <span class='ocrx_word' id='word_1_289' title='bbox 1332 2942 1474 2992; x_wconf 85' lang='lat' dir='ltr'><strong>Flor.</strong></span> <span class='ocrx_word' id='word_1_290' title='bbox 1513 2943 1609 2992; x_wconf 83' lang='lat' dir='ltr'><strong>lv.</strong></span> <span class='ocrx_word' id='word_1_291' title='bbox 1653 2946 1732 3002; x_wconf 81' lang='lat'><strong>1-2,</strong></span> <span class='ocrx_word' id='word_1_292' title='bbox 1769 2946 1834 2993; x_wconf 85' lang='lat'><strong>20</strong></span> <span class='ocrx_word' id='word_1_293' title='bbox 1870 2959 1921 3007; x_wconf 87' lang='lat' dir='ltr'><strong>p.</strong></span> <span class='ocrx_word' id='word_1_294' title='bbox 1959 2945 2056 2994; x_wconf 89' lang='grc'><strong>797</strong></span> <span class='ocrx_word' id='word_1_295' title='bbox 2104 2945 2303 3006; x_wconf 79' lang='lat' dir='ltr'><strong>aliquot</strong></span> <span class='ocrx_word' id='word_1_296' title='bbox 2336 2945 2581 3010; x_wconf 85' lang='lat' dir='ltr'><strong>exemplis</strong></span> 
     </span>
     <span class='ocr_line' id='line_1_30' title="bbox 448 3026 2583 3088; baseline 0.001 -13"><span class='ocrx_word' id='word_1_297' title='bbox 448 3028 772 3078; x_wconf 77' lang='lat' dir='ltr'><strong>illustrarunt</strong></span> <span class='ocrx_word' id='word_1_298' title='bbox 807 3035 862 3076; x_wconf 80' lang='lat' dir='ltr'><strong>et</strong></span> <span class='ocrx_word' id='word_1_299' title='bbox 896 3027 1197 3076; x_wconf 79' lang='lat' dir='ltr'><strong>confirmare</strong></span> <span class='ocrx_word' id='word_1_300' title='bbox 1237 3026 1356 3075; x_wconf 87' lang='lat' dir='ltr'><strong>licet</strong></span> <span class='ocrx_word' id='word_1_301' title='bbox 1390 3027 1468 3076; x_wconf 89' lang='lat' dir='ltr'><strong>his</strong></span> <span class='ocrx_word' id='word_1_302' title='bbox 1505 3027 1667 3076; x_wconf 81' lang='lat' dir='ltr'><strong>locis:</strong></span> <span class='ocrx_word' id='word_1_303' title='bbox 1728 3028 1889 3079; x_wconf 86' lang='lat' dir='ltr'><strong>Theb.</strong></span> <span class='ocrx_word' id='word_1_304' title='bbox 1926 3029 2079 3080; x_wconf 85' lang='lat' dir='ltr'><strong>VIIL</strong></span> <span class='ocrx_word' id='word_1_305' title='bbox 2114 3031 2241 3080; x_wconf 84' lang='grc'><strong>3593</strong></span> <span class='ocrx_word' id='word_1_306' title='bbox 2312 3028 2495 3088; x_wconf 82' lang='lat' dir='ltr'><strong>„Nilus</strong></span> <span class='ocrx_word' id='word_1_307' title='bbox 2531 3037 2583 3080; x_wconf 84' lang='lat' dir='ltr'><strong>et</strong></span> 
     </span>
     <span class='ocr_line' id='line_1_31' title="bbox 447 3110 2581 3177; baseline 0.001 -15"><span class='ocrx_word' id='word_1_308' title='bbox 447 3113 583 3162; x_wconf 80' lang='lat' dir='ltr'><strong>ans</strong></span> <span class='ocrx_word' id='word_1_309' title='bbox 646 3127 830 3176; x_wconf 78' lang='lat' dir='ltr'><strong>magno</strong></span> <span class='ocrx_word' id='word_1_310' title='bbox 893 3112 1018 3160; x_wconf 79' lang='lat' dir='ltr'><strong>bibit</strong></span> <span class='ocrx_word' id='word_1_311' title='bbox 1075 3126 1164 3160; x_wconf 84' lang='lat' dir='ltr'><strong>ore</strong></span> <span class='ocrx_word' id='word_1_312' title='bbox 1224 3111 1538 3174; x_wconf 82' lang='lat' dir='ltr'><strong>pruinas.“</strong></span> <span class='ocrx_word' id='word_1_313' title='bbox 1609 3111 1732 3162; x_wconf 81' lang='lat' dir='ltr'><strong>Vct.</strong></span> <span class='ocrx_word' id='word_1_314' title='bbox 1771 3110 1944 3163; x_wconf 87' lang='lat' dir='ltr'><strong>Schol.</strong></span> <span class='ocrx_word' id='word_1_315' title='bbox 1990 3129 2037 3177; x_wconf 89' lang='lat' dir='ltr'><strong>p.</strong></span> <span class='ocrx_word' id='word_1_316' title='bbox 2076 3115 2201 3166; x_wconf 88' lang='grc'><strong>8693</strong></span> <span class='ocrx_word' id='word_1_317' title='bbox 2272 3115 2581 3175; x_wconf 83' lang='lat' dir='ltr'><strong>„nivibus</strong></span> 
     </span>
     <span class='ocr_line' id='line_1_32' title="bbox 447 3195 2581 3260; baseline 0.001 -13"><span class='ocrx_word' id='word_1_318' title='bbox 447 3196 738 3260; x_wconf 79' lang='lat' dir='ltr'><strong>liquefactis</strong></span> <span class='ocrx_word' id='word_1_319' title='bbox 775 3197 925 3246; x_wconf 76' lang='lat' dir='ltr'><strong>alveo</strong></span> <span class='ocrx_word' id='word_1_320' title='bbox 963 3212 1058 3246; x_wconf 91' lang='lat' dir='ltr'><strong>suo</strong></span> <span class='ocrx_word' id='word_1_321' title='bbox 1094 3195 1392 3260; x_wconf 83' lang='lat' dir='ltr'><strong>susceptis,“</strong></span> <span class='ocrx_word' id='word_1_322' title='bbox 1429 3197 1508 3244; x_wconf 88' lang='lat' dir='ltr'><strong>cui</strong></span> <span class='ocrx_word' id='word_1_323' title='bbox 1546 3197 1663 3248; x_wconf 91' lang='lat' dir='ltr'><strong>loco</strong></span> <span class='ocrx_word' id='word_1_324' title='bbox 1700 3213 1903 3247; x_wconf 80' lang='lat' dir='ltr'><strong>versum</strong></span> <span class='ocrx_word' id='word_1_325' title='bbox 1942 3197 2035 3248; x_wconf 85' lang='lat' dir='ltr'><strong>lv.</strong></span> <span class='ocrx_word' id='word_1_326' title='bbox 2074 3200 2199 3252; x_wconf 82' lang='lat'><strong>393:</strong></span> <span class='ocrx_word' id='word_1_327' title='bbox 2250 3201 2581 3259; x_wconf 84' lang='lat' dir='ltr'><strong>„aeternis</strong></span> 
     </span>
     <span class='ocr_line' id='line_1_33' title="bbox 446 3278 2581 3347; baseline 0.001 -16"><span class='ocrx_word' id='word_1_328' title='bbox 446 3282 614 3347; x_wconf 88' lang='lat' dir='ltr'><strong>potius</strong></span> <span class='ocrx_word' id='word_1_329' title='bbox 649 3297 742 3341; x_wconf 89' lang='lat' dir='ltr'><strong>mc,</strong></span> <span class='ocrx_word' id='word_1_330' title='bbox 779 3282 998 3343; x_wconf 86' lang='lat' dir='ltr'><strong>Bacche,</strong></span> <span class='ocrx_word' id='word_1_331' title='bbox 1034 3278 1294 3346; x_wconf 85' lang='lat' dir='ltr'><strong>pruinis</strong></span> <span class='ocrx_word' id='word_1_332' title='bbox 1331 3307 1394 3318; x_wconf 87' lang='lat'><strong>--</strong></span> <span class='ocrx_word' id='word_1_333' title='bbox 1436 3281 1586 3330; x_wconf 86' lang='lat' dir='ltr'><strong>siste“</strong></span> <span class='ocrx_word' id='word_1_334' title='bbox 1622 3283 1931 3346; x_wconf 81' lang='lat' dir='ltr'><strong>subjungere</strong></span> <span class='ocrx_word' id='word_1_335' title='bbox 1954 3283 2077 3334; x_wconf 89' lang='lat' dir='ltr'><strong>libet</strong></span> <span class='ocrx_word' id='word_1_336' title='bbox 2100 3283 2359 3346; x_wconf 85' lang='lat' dir='ltr'><strong>insigniter</strong></span> <span class='ocrx_word' id='word_1_337' title='bbox 2396 3283 2581 3334; x_wconf 83' lang='lat' dir='ltr'><strong>discre-</strong></span> 
     </span>
     <span class='ocr_line' id='line_1_34' title="bbox 445 3365 2582 3433; baseline 0.001 -17"><span class='ocrx_word' id='word_1_338' title='bbox 445 3375 652 3431; x_wconf 80' lang='lat' dir='ltr'><strong>pantem</strong></span> <span class='ocrx_word' id='word_1_339' title='bbox 687 3367 739 3414; x_wconf 88' lang='lat' dir='ltr'><strong>iu</strong></span> <span class='ocrx_word' id='word_1_340' title='bbox 775 3366 1113 3430; x_wconf 83' lang='lat' dir='ltr'><strong>Frisingeusi:</strong></span> <span class='ocrx_word' id='word_1_341' title='bbox 1161 3366 1406 3417; x_wconf 79' lang='lat' dir='ltr'><strong>eternis</strong></span> <span class='ocrx_word' id='word_1_342' title='bbox 1449 3365 1745 3433; x_wconf 85' lang='lat' dir='ltr'><strong>(superscr.:</strong></span> <span class='ocrx_word' id='word_1_343' title='bbox 1784 3369 1885 3418; x_wconf 85' lang='lat' dir='ltr'><strong>vel</strong></span> <span class='ocrx_word' id='word_1_344' title='bbox 1922 3377 2028 3418; x_wconf 90' lang='lat' dir='ltr'><strong>etn</strong></span> <span class='ocrx_word' id='word_1_345' title='bbox 2046 3370 2147 3422; x_wconf 91' lang='lat' dir='ltr'><strong>eis.</strong></span> <span class='ocrx_word' id='word_1_346' title='bbox 2186 3370 2285 3420; x_wconf 80' lang='lat' dir='ltr'><strong>vid.</strong></span> <span class='ocrx_word' id='word_1_347' title='bbox 2313 3368 2582 3420; x_wconf 79' lang='lat' dir='ltr'><strong>Claudian.</strong></span> 
     </span>
     <span class='ocr_line' id='line_1_35' title="bbox 444 3449 2583 3516; baseline 0.001 -14"><span class='ocrx_word' id='word_1_348' title='bbox 444 3451 507 3502; x_wconf 85' lang='lat' dir='ltr'><strong>R.</strong></span> <span class='ocrx_word' id='word_1_349' title='bbox 544 3450 692 3502; x_wconf 88' lang='lat' dir='ltr'><strong>Pros.</strong></span> <span class='ocrx_word' id='word_1_350' title='bbox 728 3452 772 3502; x_wconf 85' lang='lat'><strong>1.</strong></span> <span class='ocrx_word' id='word_1_351' title='bbox 811 3452 934 3514; x_wconf 83' lang='lat'>165)</span> <span class='ocrx_word' id='word_1_352' title='bbox 971 3452 1144 3516; x_wconf 88' lang='lat' dir='ltr'><strong>potius</strong></span> <span class='ocrx_word' id='word_1_353' title='bbox 1179 3467 1260 3502; x_wconf 87' lang='lat' dir='ltr'><strong>me</strong></span> <span class='ocrx_word' id='word_1_354' title='bbox 1297 3449 1492 3502; x_wconf 77' lang='lat' dir='ltr'><strong>bacche</strong></span> <span class='ocrx_word' id='word_1_355' title='bbox 1526 3451 1844 3502; x_wconf 72' lang='grc' dir='ltr'><strong>ἰιιιὌι-οιιιιι</strong></span> <span class='ocrx_word' id='word_1_356' title='bbox 1882 3452 1945 3504; x_wconf 87' lang='lat' dir='ltr'><strong>cf.</strong></span> <span class='ocrx_word' id='word_1_357' title='bbox 1982 3469 2029 3502; x_wconf 75' lang='lat' dir='ltr'><strong>v.</strong></span> <span class='ocrx_word' id='word_1_358' title='bbox 2068 3455 2185 3504; x_wconf 88' lang='grc'><strong>396.</strong></span> <span class='ocrx_word' id='word_1_359' title='bbox 2232 3455 2323 3504; x_wconf 83' lang='lat' dir='ltr'><strong>Sil.</strong></span> <span class='ocrx_word' id='word_1_360' title='bbox 2348 3455 2445 3504; x_wconf 89' lang='lat'><strong>111.</strong></span> <span class='ocrx_word' id='word_1_361' title='bbox 2482 3456 2583 3506; x_wconf 77' lang='lat'><strong>533</strong></span> 
     </span>
     <span class='ocr_line' id='line_1_36' title="bbox 443 3535 2583 3602; baseline 0.001 -16"><span class='ocrx_word' id='word_1_362' title='bbox 443 3537 721 3602; x_wconf 82' lang='lat' dir='ltr'><strong>pruinae</strong></span> <span class='ocrx_word' id='word_1_363' title='bbox 759 3535 1090 3587; x_wconf 84' lang='lat' dir='ltr'><strong>Canentis.</strong></span> <span class='ocrx_word' id='word_1_364' title='bbox 1128 3537 1223 3586; x_wconf 87' lang='lat' dir='ltr'><strong>IV.</strong></span> <span class='ocrx_word' id='word_1_365' title='bbox 1264 3538 1387 3588; x_wconf 81' lang='lat'>746:</span> <span class='ocrx_word' id='word_1_366' title='bbox 1434 3536 1785 3597; x_wconf 82' lang='lat' dir='ltr'><strong>„Condiderat</strong></span> <span class='ocrx_word' id='word_1_367' title='bbox 1818 3539 1929 3586; x_wconf 87' lang='lat' dir='ltr'><strong>nix</strong></span> <span class='ocrx_word' id='word_1_368' title='bbox 1964 3538 2071 3588; x_wconf 77' lang='lat' dir='ltr'><strong>alta</strong></span> <span class='ocrx_word' id='word_1_369' title='bbox 2102 3539 2271 3588; x_wconf 85' lang='lat' dir='ltr'><strong>trabes</strong></span> <span class='ocrx_word' id='word_1_370' title='bbox 2306 3548 2357 3588; x_wconf 85' lang='lat' dir='ltr'><strong>et</strong></span> <span class='ocrx_word' id='word_1_371' title='bbox 2391 3541 2583 3588; x_wconf 78' lang='lat' dir='ltr'><strong>vertice</strong></span> 
     </span>
     <span class='ocr_line' id='line_1_37' title="bbox 443 3619 2579 3687; baseline 0.002 -16"><span class='ocrx_word' id='word_1_372' title='bbox 443 3623 584 3672; x_wconf 88' lang='lat' dir='ltr'><strong>celso</strong></span> <span class='ocrx_word' id='word_1_373' title='bbox 622 3619 839 3672; x_wconf 85' lang='lat' dir='ltr'><strong>Canus</strong></span> <span class='ocrx_word' id='word_1_374' title='bbox 894 3637 1028 3686; x_wconf 82' lang='lat' dir='ltr'><strong>apex</strong></span> <span class='ocrx_word' id='word_1_375' title='bbox 1083 3629 1275 3671; x_wconf 87' lang='lat' dir='ltr'><strong>structa</strong></span> <span class='ocrx_word' id='word_1_376' title='bbox 1329 3623 1570 3685; x_wconf 83' lang='lat' dir='ltr'><strong>surgebat</strong></span> <span class='ocrx_word' id='word_1_377' title='bbox 1624 3624 1689 3672; x_wconf 76' lang='lat' dir='ltr'><strong>ud</strong></span> <span class='ocrx_word' id='word_1_378' title='bbox 1726 3631 1866 3672; x_wconf 80' lang='lat' dir='ltr'><strong>astra</strong></span> <span class='ocrx_word' id='word_1_379' title='bbox 1902 3623 2184 3687; x_wconf 79' lang='lat' dir='ltr'><strong>pruina.“</strong></span> <span class='ocrx_word' id='word_1_380' title='bbox 2256 3623 2376 3674; x_wconf 74' lang='lat' dir='ltr'><strong>Val.</strong></span> <span class='ocrx_word' id='word_1_381' title='bbox 2412 3623 2579 3676; x_wconf 83' lang='lat' dir='ltr'><strong>Flacc.</strong></span> 
     </span>
     <span class='ocr_line' id='line_1_38' title="bbox 443 3706 2581 3772; baseline 0.001 -16"><span class='ocrx_word' id='word_1_382' title='bbox 443 3706 512 3760; x_wconf 88' lang='lat'><strong>11.</strong></span> <span class='ocrx_word' id='word_1_383' title='bbox 552 3709 668 3758; x_wconf 81' lang='lat'><strong>287.</strong></span> <span class='ocrx_word' id='word_1_384' title='bbox 729 3707 929 3757; x_wconf 86' lang='lat' dir='ltr'><strong>Ennod.</strong></span> <span class='ocrx_word' id='word_1_385' title='bbox 968 3706 1216 3759; x_wconf 77' lang='lat' dir='ltr'><strong>Carm.1.</strong></span> <span class='ocrx_word' id='word_1_386' title='bbox 1275 3723 1322 3771; x_wconf 88' lang='grc' dir='ltr'><strong>Ρ.</strong></span> <span class='ocrx_word' id='word_1_387' title='bbox 1369 3709 1485 3758; x_wconf 86' lang='grc'><strong>309.</strong></span> <span class='ocrx_word' id='word_1_388' title='bbox 1523 3707 1596 3758; x_wconf 85' lang='grc' dir='ltr'><strong>Β;</strong></span> <span class='ocrx_word' id='word_1_389' title='bbox 1670 3723 1908 3768; x_wconf 79' lang='lat' dir='ltr'><strong>„canas</strong></span> <span class='ocrx_word' id='word_1_390' title='bbox 1967 3722 2207 3772; x_wconf 79' lang='lat' dir='ltr'><strong>superare</strong></span> <span class='ocrx_word' id='word_1_391' title='bbox 2265 3709 2581 3772; x_wconf 87' lang='lat' dir='ltr'><strong>pruinas.“</strong></span> 
     </span>
     <span class='ocr_line' id='line_1_39' title="bbox 445 3791 2583 3856; baseline 0 -14"><span class='ocrx_word' id='word_1_392' title='bbox 445 3791 718 3842; x_wconf 81' lang='lat' dir='ltr'><strong>Claudian.</strong></span> <span class='ocrx_word' id='word_1_393' title='bbox 779 3792 937 3856; x_wconf 82' lang='lat' dir='ltr'><strong>Nupt.</strong></span> <span class='ocrx_word' id='word_1_394' title='bbox 993 3791 1126 3844; x_wconf 86' lang='lat' dir='ltr'><strong>Hon.</strong></span> <span class='ocrx_word' id='word_1_395' title='bbox 1178 3793 1268 3842; x_wconf 79' lang='lat'><strong>52:</strong></span> <span class='ocrx_word' id='word_1_396' title='bbox 1340 3792 1488 3841; x_wconf 81' lang='lat' dir='ltr'><strong>Hanc</strong></span> <span class='ocrx_word' id='word_1_397' title='bbox 1546 3806 1715 3855; x_wconf 83' lang='lat' dir='ltr'><strong>neque</strong></span> <span class='ocrx_word' id='word_1_398' title='bbox 1776 3800 2090 3842; x_wconf 82' lang='lat' dir='ltr'><strong>canentes</strong></span> <span class='ocrx_word' id='word_1_399' title='bbox 2150 3794 2342 3844; x_wconf 80' lang='lat' dir='ltr'><strong>audent</strong></span> <span class='ocrx_word' id='word_1_400' title='bbox 2398 3793 2583 3848; x_wconf 80' lang='lat' dir='ltr'><strong>vestire</strong></span> 
     </span>
     <span class='ocr_line' id='line_1_40' title="bbox 444 3876 2583 3942; baseline -0 -14"><span class='ocrx_word' id='word_1_401' title='bbox 444 3878 735 3942; x_wconf 83' lang='lat' dir='ltr'><strong>pruinae.</strong></span> <span class='ocrx_word' id='word_1_402' title='bbox 809 3877 940 3928; x_wconf 81' lang='lat'><strong>265.-</strong></span> <span class='ocrx_word' id='word_1_403' title='bbox 1000 3891 1101 3926; x_wconf 89' lang='lat' dir='ltr'><strong>non</strong></span> <span class='ocrx_word' id='word_1_404' title='bbox 1154 3876 1300 3926; x_wconf 83' lang='lat' dir='ltr'><strong>labra</strong></span> <span class='ocrx_word' id='word_1_405' title='bbox 1352 3890 1524 3935; x_wconf 86' lang='lat' dir='ltr'><strong>rosae,</strong></span> <span class='ocrx_word' id='word_1_406' title='bbox 1586 3893 1689 3926; x_wconf 92' lang='lat' dir='ltr'><strong>non</strong></span> <span class='ocrx_word' id='word_1_407' title='bbox 1744 3878 1881 3928; x_wconf 83' lang='lat' dir='ltr'><strong>colla</strong></span> <span class='ocrx_word' id='word_1_408' title='bbox 1935 3878 2209 3942; x_wconf 73' lang='lat' dir='ltr'><strong>pruinae</strong></span> <span class='ocrx_word' id='word_1_409' title='bbox 2248 3891 2311 3914; x_wconf 68' lang='lat'>-‘-—</span> <span class='ocrx_word' id='word_1_410' title='bbox 2346 3887 2583 3941; x_wconf 85' lang='lat' dir='ltr'><strong>aequant.</strong></span> 
     </span>
     <span class='ocr_line' id='line_1_41' title="bbox 443 3960 2584 4027; baseline 0.001 -17"><span class='ocrx_word' id='word_1_411' title='bbox 443 3960 590 4012; x_wconf 76' lang='lat' dir='ltr'><strong>Fesc.</strong></span> <span class='ocrx_word' id='word_1_412' title='bbox 629 3963 722 4012; x_wconf 82' lang='grc'>513</span> <span class='ocrx_word' id='word_1_413' title='bbox 757 3962 974 4010; x_wconf 82' lang='lat' dir='ltr'><strong>rubeant</strong></span> <span class='ocrx_word' id='word_1_414' title='bbox 1010 3962 1299 4027; x_wconf 75' lang='lat' dir='ltr'><strong>pruinae.</strong></span> <span class='ocrx_word' id='word_1_415' title='bbox 1371 3961 1431 4010; x_wconf 78' lang='lat' dir='ltr'><strong>R.</strong></span> <span class='ocrx_word' id='word_1_416' title='bbox 1469 3962 1615 4014; x_wconf 86' lang='lat' dir='ltr'><strong>Pros.</strong></span> <span class='ocrx_word' id='word_1_417' title='bbox 1653 3963 1752 4014; x_wconf 89' lang='lat'><strong>111.</strong></span> <span class='ocrx_word' id='word_1_418' title='bbox 1788 3965 1880 4014; x_wconf 85' lang='lat'><strong>90:</strong></span> <span class='ocrx_word' id='word_1_419' title='bbox 1916 3978 2055 4023; x_wconf 91' lang='lat' dir='ltr'><strong>„non</strong></span> <span class='ocrx_word' id='word_1_420' title='bbox 2092 3978 2297 4014; x_wconf 76' lang='lat' dir='ltr'><strong>cessura</strong></span> <span class='ocrx_word' id='word_1_421' title='bbox 2331 3962 2584 4027; x_wconf 84' lang='lat' dir='ltr'><strong>pruinis</strong></span> 
     </span>
     <span class='ocr_line' id='line_1_42' title="bbox 443 4044 2583 4112; baseline 0.002 -18"><span class='ocrx_word' id='word_1_422' title='bbox 443 4047 726 4100; x_wconf 76' lang='lat' dir='ltr'><strong>Membra,“</strong></span> <span class='ocrx_word' id='word_1_423' title='bbox 798 4047 895 4096; x_wconf 89' lang='lat' dir='ltr'><strong>VI.</strong></span> <span class='ocrx_word' id='word_1_424' title='bbox 937 4044 1093 4098; x_wconf 80' lang='lat' dir='ltr'><strong>Cous.</strong></span> <span class='ocrx_word' id='word_1_425' title='bbox 1131 4047 1265 4097; x_wconf 84' lang='lat' dir='ltr'><strong>Hon.</strong></span> <span class='ocrx_word' id='word_1_426' title='bbox 1301 4048 1430 4097; x_wconf 79' lang='grc'><strong>4763</strong></span> <span class='ocrx_word' id='word_1_427' title='bbox 1464 4047 1725 4112; x_wconf 77' lang='lat' dir='ltr'><strong>„Impetus</strong></span> <span class='ocrx_word' id='word_1_428' title='bbox 1764 4049 1987 4100; x_wconf 84' lang='lat' dir='ltr'><strong>excessit</strong></span> <span class='ocrx_word' id='word_1_429' title='bbox 2022 4048 2287 4112; x_wconf 77' lang='lat' dir='ltr'><strong>Zephyros</strong></span> <span class='ocrx_word' id='word_1_430' title='bbox 2321 4049 2583 4098; x_wconf 82' lang='lat' dir='ltr'><strong>candor-</strong></span> 
     </span>
     <span class='ocr_line' id='line_1_43' title="bbox 446 4121 2583 4196; baseline 0.002 -16"><span class='ocrx_word' id='word_1_431' title='bbox 446 4144 546 4194; x_wconf 85' lang='lat' dir='ltr'><strong>que</strong></span> <span class='ocrx_word' id='word_1_432' title='bbox 581 4131 876 4195; x_wconf 83' lang='lat' dir='ltr'><strong>pruinas“</strong></span> <span class='ocrx_word' id='word_1_433' title='bbox 930 4129 1018 4194; x_wconf 83' lang='lat' dir='ltr'><strong>(cf.</strong></span> <span class='ocrx_word' id='word_1_434' title='bbox 1059 4134 1184 4182; x_wconf 84' lang='lat'>126:</span> <span class='ocrx_word' id='word_1_435' title='bbox 1242 4140 1546 4196; x_wconf 84' lang='lat' dir='ltr'><strong>superatque</strong></span> <span class='ocrx_word' id='word_1_436' title='bbox 1584 4121 1764 4182; x_wconf 61' lang='lat' dir='ltr'><strong>n&#39;ivcs</strong></span> <span class='ocrx_word' id='word_1_437' title='bbox 1801 4147 1864 4181; x_wconf 82' lang='lat' dir='ltr'><strong>ac</strong></span> <span class='ocrx_word' id='word_1_438' title='bbox 1899 4133 2007 4181; x_wconf 83' lang='lat' dir='ltr'><strong>lilia</strong></span> <span class='ocrx_word' id='word_1_439' title='bbox 2044 4130 2254 4195; x_wconf 85' lang='lat' dir='ltr'><strong>candor)</strong></span> <span class='ocrx_word' id='word_1_440' title='bbox 2306 4132 2368 4185; x_wconf 83' lang='lat' dir='ltr'><strong>cf.</strong></span> <span class='ocrx_word' id='word_1_441' title='bbox 2406 4133 2583 4188; x_wconf 84' lang='lat' dir='ltr'><strong>Heius.</strong></span> 
     </span>
     <span class='ocr_line' id='line_1_44' title="bbox 444 4215 2582 4281; baseline 0 -15"><span class='ocrx_word' id='word_1_442' title='bbox 444 4215 598 4280; x_wconf 81' lang='lat' dir='ltr'><strong>Nupt.</strong></span> <span class='ocrx_word' id='word_1_443' title='bbox 637 4217 673 4267; x_wconf 84' lang='lat' dir='ltr'><strong>l.</strong></span> <span class='ocrx_word' id='word_1_444' title='bbox 708 4217 758 4264; x_wconf 86' lang='lat' dir='ltr'><strong>d.</strong></span> <span class='ocrx_word' id='word_1_445' title='bbox 793 4232 842 4280; x_wconf 88' lang='lat' dir='ltr'><strong>p.</strong></span> <span class='ocrx_word' id='word_1_446' title='bbox 883 4219 995 4267; x_wconf 89' lang='grc'><strong>177.</strong></span> <span class='ocrx_word' id='word_1_447' title='bbox 1066 4217 1228 4281; x_wconf 84' lang='lat' dir='ltr'><strong>Epist.</strong></span> <span class='ocrx_word' id='word_1_448' title='bbox 1266 4216 1366 4268; x_wconf 90' lang='lat'><strong>111.</strong></span> <span class='ocrx_word' id='word_1_449' title='bbox 1406 4219 1496 4269; x_wconf 78' lang='lat'><strong>152</strong></span> <span class='ocrx_word' id='word_1_450' title='bbox 1566 4216 1971 4278; x_wconf 83' lang='lat' dir='ltr'><strong>„Candescct</strong></span> <span class='ocrx_word' id='word_1_451' title='bbox 2024 4215 2216 4268; x_wconf 84' lang='lat' dir='ltr'><strong>Geticis</strong></span> <span class='ocrx_word' id='word_1_452' title='bbox 2250 4218 2427 4269; x_wconf 85' lang='lat' dir='ltr'><strong>Meroe</strong></span> <span class='ocrx_word' id='word_1_453' title='bbox 2463 4233 2582 4268; x_wconf 88' lang='lat' dir='ltr'><strong>con-</strong></span> 
     </span>
     <span class='ocr_line' id='line_1_45' title="bbox 444 4301 2585 4369; baseline 0.004 -21"><span class='ocrx_word' id='word_1_454' title='bbox 444 4314 590 4350; x_wconf 77' lang='lat' dir='ltr'><strong>versa</strong></span> <span class='ocrx_word' id='word_1_455' title='bbox 647 4301 950 4366; x_wconf 79' lang='lat' dir='ltr'><strong>pruinis.“</strong></span> <span class='ocrx_word' id='word_1_456' title='bbox 1044 4302 1229 4352; x_wconf 80' lang='lat' dir='ltr'><strong>Avian.</strong></span> <span class='ocrx_word' id='word_1_457' title='bbox 1291 4301 1381 4363; x_wconf 82' lang='lat'><strong>34,</strong></span> <span class='ocrx_word' id='word_1_458' title='bbox 1443 4303 1472 4350; x_wconf 91' lang='grc'><strong>7</strong></span> <span class='ocrx_word' id='word_1_459' title='bbox 1484 4313 1499 4352; x_wconf 74' lang='lat' dir='ltr'><strong>t</strong></span> <span class='ocrx_word' id='word_1_460' title='bbox 1571 4303 1691 4366; x_wconf 88' lang='lat' dir='ltr'><strong>„ubi</strong></span> <span class='ocrx_word' id='word_1_461' title='bbox 1749 4303 2107 4354; x_wconf 84' lang='lat' dir='ltr'><strong>candentes</strong></span> <span class='ocrx_word' id='word_1_462' title='bbox 2166 4304 2388 4369; x_wconf 88' lang='lat' dir='ltr'><strong>suscepit</strong></span> <span class='ocrx_word' id='word_1_463' title='bbox 2444 4306 2585 4356; x_wconf 72' lang='lat' dir='ltr'><strong>terra</strong></span> 
     </span>
     <span class='ocr_line' id='line_1_46' title="bbox 443 4385 2583 4456; baseline 0.002 -20"><span class='ocrx_word' id='word_1_464' title='bbox 443 4387 763 4455; x_wconf 56' lang='grc' dir='ltr'><strong>Ρηιῇιυιε.ιι</strong></span> <span class='ocrx_word' id='word_1_465' title='bbox 836 4385 1014 4441; x_wconf 85' lang='lat' dir='ltr'><strong>Sidon.</strong></span> <span class='ocrx_word' id='word_1_466' title='bbox 1051 4386 1280 4456; x_wconf 82' lang='lat' dir='ltr'><strong>Apollin.</strong></span> <span class='ocrx_word' id='word_1_467' title='bbox 1321 4385 1487 4441; x_wconf 64' lang='lat' dir='ltr'><strong>Germ.</strong></span> <span class='ocrx_word' id='word_1_468' title='bbox 1523 4386 1596 4438; x_wconf 87' lang='lat'><strong>11.</strong></span> <span class='ocrx_word' id='word_1_469' title='bbox 1636 4390 1759 4438; x_wconf 86' lang='lat'>110:</span> <span class='ocrx_word' id='word_1_470' title='bbox 1832 4385 2119 4447; x_wconf 83' lang='lat' dir='ltr'><strong>„Hibernae</strong></span> <span class='ocrx_word' id='word_1_471' title='bbox 2176 4389 2389 4440; x_wconf 86' lang='lat' dir='ltr'><strong>rubuere</strong></span> <span class='ocrx_word' id='word_1_472' title='bbox 2439 4403 2583 4440; x_wconf 78' lang='lat' dir='ltr'><strong>rosae</strong></span> 
     </span>
    </p>
   </div>
  </div>
 </body>
</html>
