3234 4967
1345 371 1577 424 Adnot.
1615 370 1709 422 14.
2512 365 2595 432 25

451 576 577 642 hac
633 574 1088 642 emendatione
1102 580 1143 614 ‘⁴
1201 575 1313 664 (cf.
1359 575 1574 640 Praef.
1633 600 1699 663 p.
1748 573 1886 664 vl).
1981 574 2187 663 Cujus
2246 572 2598 640 emendati·

451 682 592 747 onis
659 682 985 769 potiorem
1049 690 1306 769 partem
1375 681 1727 768 occupavit
1786 680 2097 746 Heinsius
2152 677 2327 744 Adv.
2386 678 2494 745 lV.
2553 677 2597 742 4

449 810 516 874 p.
547 785 708 852 594:
779 784 1064 869 „Scribe
1110 787 1334 872 rogis
1379 823 1470 834 —-
1524 808 1657 851 non
1706 783 2049 868 oculis,“
2104 807 2329 850 omnes
2372 793 2599 874 partes

455 893 552 958 ita
579 891 1034 980 improbarunt
1069 891 1408 976 Queckius
1455 901 1520 957 et
1549 891 1863 958 Imhofius
1908 917 1972 980 p.
1998 893 2039 956 8
2072 901 2139 956 et
2170 893 2275 973 23,
2322 900 2396 956 ut
2438 890 2597 980 ipsis

451 997 750 1062 codicum
793 998 1127 1064 memoriis
1171 996 1590 1065 inhaererent
1636 999 2103 1085 superstitiose.
2193 997 2341 1084 Age
2397 997 2604 1083 igitur·
2711 1021 2715 1025 ·

453 1102 814 1186 videamus,
851 1105 907 1168 si
943 1104 1103 1191 quid
1138 1105 1420 1192 proferri
1452 1105 1680 1193 possit,
1708 1103 1887 1191 quod
1908 1125 2029 1168 nos
2051 1104 2179 1190 ipsi
2201 1103 2598 1168 affirmemus

460 1230 683 1275 omnes
715 1208 956 1275 habere
1000 1232 1308 1276 numeros
1351 1211 1671 1278 veritatis.
1749 1210 1916 1275 Nam
1952 1208 2113 1274 illud
2146 1207 2341 1295 longe
2380 1209 2601 1274 certis-

453 1316 685 1381 simum
715 1324 835 1398 est,
872 1315 1050 1403 quod
1088 1317 1168 1382 de
1203 1317 1495 1405 Hauptio
1529 1315 1876 1405 aliquoties
1924 1315 2208 1381 diximus
2245 1314 2315 1379 in
2346 1314 2593 1396 Sinide,

451 1419 626 1486 idem
657 1419 1006 1487 dicendum
1037 1443 1180 1488 esse
1213 1421 1296 1487 de
1339 1420 1735 1488 Marklando
1782 1421 2084 1486 nimirum
2134 1443 2215 1486 ea
2257 1420 2410 1486 olim
2453 1438 2599 1486 con-

455 1527 716 1613 signata
759 1527 959 1592 filisse
997 1528 1283 1615 opinato,
1310 1550 1477 1616 quae
1501 1549 1695 1593 nemo
1726 1525 1915 1594 facile
1946 1535 2147 1613 neget
2176 1550 2257 1592 ne
2290 1527 2374 1594 ab
2404 1527 2602 1614 impe-

449 1623 750 1700 ritiorum
791 1633 1056 1721 quidem
1100 1633 1514 1700 librariorum
1556 1634 1993 1720 intelligentia
2033 1654 2356 1720 sensuque
2398 1633 2598 1720 fuisse

453 1739 796 1829 disjuncta.
891 1740 1110 1822 Quare
1165 1741 1235 1806 in
1294 1739 1426 1806 alia
1481 1741 1699 1808 omnia
1756 1737 2227 1805 discedendum
2284 1747 2404 1804 est.
2491 1729 2599 1802 'Ac

449 1845 605 1912 licet
647 1848 875 1934 pancis
919 1869 1058 1912 rem
1102 1847 1507 1935 praecidere.
1598 1848 1949 1936 Discrepat
2006 1848 2177 1912 enim
2234 1869 2277 1912 a
2330 1843 2597 1933 reliquis

451 1952 665 2019 libris:
712 1954 1136 2042 cineresque
1183 1954 1389 2021 oculis
1419 1963 1488 2021 et
1517 1955 1873 2022 carmina
1902 1955 2183 2020 fcrte“
2211 1952 2337 2017 hoc
2364 1948 2603 2016 Rehdi-

451 2083 735 2146 geranus
796 2058 1044 2125 codex:
1107 2060 1570 2149 crinemque
1627 2101 1715 2110 —
1742 2061 2123 2138 erimina.
2219 2057 2417 2140 Quod
2472 2077 2603 2133 me-

449 2167 725 2232 moriam
771 2166 964 2232 affert
1007 2165 1182 2232 illius
1228 2169 1638 2251 temeritatis,
1696 2190 1827 2257 qua
1880 2191 1921 2232 a
1978 2166 2259 2232 librariis
2316 2163 2600 2228 cinnae

453 2281 520 2336 et
551 2272 844 2338 crinem
873 2269 1114 2339 Catull.
1141 2271 1248 2355 95,
1281 2274 1338 2356 1,
1379 2274 1697 2338 cinnam
1733 2273 1912 2356 (cod.
1938 2271 2219 2358 August.
2247 2293 2353 2357 ap.
2381 2267 2595 2334 Naek.

453 2379 602 2446 Val.
669 2380 904 2446 Caton.
975 2404 1040 2469 p.
1095 2380 1256 2470 220)
1317 2391 1384 2447 et
1444 2382 1800 2449 Cirinam
1858 2381 2042 2447 Serv.
2104 2377 2274 2442 Aen.
2323 2375 2378 2440 Ι.
2438 2397 2503 2462 p.
2543 2376 2601 2456 1,

456 2487 733 2552 cinnas
779 2496 847 2551 et
893 2485 1312 2576 (Lindenbr.)
1375 2488 1689 2554 Sirinas
1735 2486 1983 2553 Lucan.
2029 2484 2096 2550 ll.
2144 2483 2275 2549 546
2332 2479 2448 2568 (cf.
2497 2479 2603 2546 Si-

451 2613 714 2657 renas:
783 2592 1134 2679 myricas
1207 2592 1426 2658 Carm.
1485 2593 1571 2658 ad
1640 2591 1925 2658 Messall.
1995 2592 2103 2656 61.
2176 2590 2448 2672 Quaest.
2520 2586 2601 2651 de

455 2696 710 2764 Ansere
755 2706 955 2785 poeta
998 2697 1052 2762 Ι.
1100 2721 1166 2785 p.
1200 2696 1293 2786 8),
1343 2698 1616 2783 Cinnae,
1668 2698 2000 2781 Cirnae,
2050 2695 2395 2764 Cincrae
2446 2693 2603 2782 (Cy-

452 2802 686 2892 narae)
734 2812 802 2867 et
859 2824 1269 2889 smyrnae,
1329 2805 1715 2890 myrrhae
1762 2825 1909 2869 cum
1979 2801 2399 2868 multifariam
2466 2808 2603 2864 tum

455 2908 636 2996 apud
680 2906 1010 2974 Avienum
1055 2903 1284 2974 Descr.
1335 2907 1496 2975 Orb.
1536 2909 1708 2976 1114
1756 2909 2201 2997 Cinyreius.
2234 2907 2401 2972 Ven.
2432 2903 2603 2970 Pit-h.

462 3014 866 3099 Memyreus
921 3024 988 3079 et
1029 3014 1437 3079 Priscianum
1496 3014 1603 3080 Vl.
1654 3014 1741 3080 84
1803 3037 1868 3102 p.
1917 3013 2068 3095 269,
2154 3013 2221 3076 1:
2300 3012 2605 3092 cinnae,

455 3121 818 3203 cirenae,
853 3118 1221 3206 Cinyrae,
1257 3120 1633 3208 Smyrnae
1666 3121 1997 3206 permixta
2026 3118 2225 3182 fuisse
2258 3114 2593 3181 subtiliore
2656 3179 2665 3186 ,

354 3221 362 3228 ’
456 3227 837 3313 quaestione
903 3225 972 3290 in
1041 3226 1294 3292 Cinnae
1362 3226 1844 3292 commentariis
1914 3224 1980 3289 ll.
2055 3224 2113 3287 1.
2187 3222 2448 3310 (fragm.
2511 3219 2597 3285 lV

457 3341 528 3397 et
576 3333 644 3409 Ι)
703 3331 1155 3397 obtinebimus.
1247 3331 1440 3397 Unde
1502 3353 1702 3419 quum
1758 3330 2146 3418 praesertim
2199 3325 2606 3413 „gramina

459 3458 577 3524 pro
634 3438 979 3503 carmina
1023 3436 1432 3526 (crimina)
1481 3446 1547 3502 et
1575 3437 1720 3506 vice
1753 3458 1948 3502 versa
1988 3434 2365 3521 frequenter
2410 3430 2604 3496 scribi

457 3545 526 3608 in
571 3544 856 3632 antiquis
901 3542 1297 3609 membranis
1347 3565 1540 3608 nemo
1599 3543 1895 3607 nesciat“
1952 3540 2210 3629 (Heins.
2259 3535 2603 3604 Claudian.

457 3648 607 3714 Rus.
654 3648 710 3713 I.
775 3649 900 3714 152
957 3673 1021 3736 p.
1069 3649 1178 3713 41.
1248 3647 1442 3734 Valg.
1502 3672 1566 3736 p.
1627 3646 1777 3713 385.
1825 3645 2009 3734 504),
2066 3643 2273 3710 facilis
2321 3653 2421 3708 est
2463 3643 2606 3708 veri

459 3755 866 3843 conjectura:
947 3753 1396 3841 „myrrham
1462 3793 1551 3803 —-—
1621 3763 1687 3817 et
1753 3751 2110 3838 gramina
2166 3751 2390 3815 ferte“
2468 3750 2604 3814 sive

458 3861 668 3924 mavis
729 3861 1118 3945 germina3
1187 3881 1338 3924 nam
1399 3868 1468 3924 et
1523 3859 1858 3946 myrrham
1938 3867 2005 3921 et
2082 3879 2406 3942 gramen
2483 3855 2606 3919 In-

461 3964 632 4029 dum
695 3962 887 4052 (Silv.
934 3962 1000 4028 ll.
1054 3967 1112 4046 1,
1176 3963 1334 4052 160)
1400 3972 1466 4029 et
1509 3963 1923 4052 Assyrium
1980 3962 2075 4051 (6,
2124 3961 2241 4052 88)
2300 3985 2377 4028 ac
2434 3983 2605 4049 ger-

459 4070 674 4135 mina
741 4068 1038 4136 Arabum
1094 4069 1186 4158 (4,
1235 4070 1322 4135 35
1369 4070 1450 4134 cf.
1498 4069 1553 4133 I.
1607 4072 1665 4153 1,
1719 4069 1875 4134 124:
1932 4067 2420 4157 Clymeneaque
2466 4091 2609 4154 ger-

459 4177 656 4242 mina.
714 4176 799 4240 V.
861 4177 918 4259 1,
987 4176 1146 4241 214:
1230 4175 1649 4263 Cinyreaque
1720 4176 2035 4262 germina.
2117 4175 2475 4242 Claudian-
2518 4174 2606 4241 lll.

461 4281 662 4349 Cons.
707 4281 880 4345 Hon.
931 4283 1089 4346 210:
1139 4281 1320 4346 dabit
1364 4304 1580 4346 ramos
1627 4281 1960 4347 Panchaia
2004 4283 2084 4347 ef.
2132 4282 2359 4347 Heins.
2407 4282 2608 4368 Nupt.

461 4387 636 4453 Hon.
684 4386 769 4452 95
830 4412 896 4480 p.
950 4387 1095 4452 180.
1157 4385 1383 4454 Burm.
1431 4385 1631 4478 Prop.
1678 4385 1745 4451 ll.
1792 4389 1899 4470 22,
1951 4388 2029 4451 17
2079 4411 2143 4475 p.
2176 4386 2337 4473 425)
2388 4384 2610 4450 defun-
