<?xml version="1.0" encoding="UTF-8"?>
<!DOCTYPE html PUBLIC "-//W3C//DTD XHTML 1.0 Transitional//EN"
    "http://www.w3.org/TR/xhtml1/DTD/xhtml1-transitional.dtd">
<html xmlns="http://www.w3.org/1999/xhtml" xml:lang="en" lang="en">
 <head>
  <title>
</title>
<meta http-equiv="Content-Type" content="text/html;charset=utf-8" />
  <meta name='ocr-system' content='tesseract 3.04.00' />
  <meta name='ocr-capabilities' content='ocr_page ocr_carea ocr_par ocr_line ocrx_word'/>
</head>
<body>
  <div class='ocr_page' id='page_1' title='image "./ppapiniistatiie00ungegoog_0095.png"; bbox 0 0 3234 4967; ppageno 0'>
   <div class='ocr_carea' id='block_1_1' title="bbox 1381 300 2633 397">
    <p class='ocr_par' dir='ltr' id='par_1_1' title="bbox 1381 300 2633 397">
     <span class='ocr_line' id='line_1_1' title="bbox 1381 300 2633 397; baseline -0.001 -12"><span class='ocrx_word' id='word_1_1' title='bbox 1381 329 1606 387; x_wconf 64' lang='lat' dir='ltr'>adnot.</span> <span class='ocrx_word' id='word_1_2' title='bbox 1644 332 1739 384; x_wconf 81' lang='lat'>54.</span> <span class='ocrx_word' id='word_1_3' title='bbox 2378 300 2387 310; x_wconf 79' lang='grc'><strong><em>’</em></strong></span> <span class='ocrx_word' id='word_1_4' title='bbox 2549 331 2633 397; x_wconf 75' lang='grc'>87</span> 
     </span>
    </p>
   </div>
   <div class='ocr_carea' id='block_1_2' title="bbox 457 536 2635 2866">
    <p class='ocr_par' dir='ltr' id='par_1_2' title="bbox 457 536 2635 2866">
     <span class='ocr_line' id='line_1_2' title="bbox 470 536 2627 631; baseline -0.002 -20"><span class='ocrx_word' id='word_1_5' title='bbox 470 542 715 631; x_wconf 79' lang='lat' dir='ltr'>legitur</span> <span class='ocrx_word' id='word_1_6' title='bbox 741 539 899 609; x_wconf 80' lang='lat' dir='ltr'>silv.</span> <span class='ocrx_word' id='word_1_7' title='bbox 933 538 1016 606; x_wconf 89' lang='lat' dir='ltr'>V.</span> <span class='ocrx_word' id='word_1_8' title='bbox 1053 541 1113 625; x_wconf 88' lang='lat'>1,</span> <span class='ocrx_word' id='word_1_9' title='bbox 1148 540 1276 606; x_wconf 81' lang='lat'>203</span> <span class='ocrx_word' id='word_1_10' title='bbox 1310 538 1719 627; x_wconf 81' lang='lat' dir='ltr'>Odrysius</span> <span class='ocrx_word' id='word_1_11' title='bbox 1764 546 1986 606; x_wconf 83' lang='lat' dir='ltr'>vates</span> <span class='ocrx_word' id='word_1_12' title='bbox 2034 536 2272 627; x_wconf 82' lang='lat' dir='ltr'>(Theb.</span> <span class='ocrx_word' id='word_1_13' title='bbox 2304 537 2413 605; x_wconf 94' lang='lat' dir='ltr'>lV.</span> <span class='ocrx_word' id='word_1_14' title='bbox 2468 540 2627 609; x_wconf 83' lang='lat'>181:</span> 
     </span>
     <span class='ocr_line' id='line_1_3' title="bbox 471 643 2628 738; baseline -0.001 -20"><span class='ocrx_word' id='word_1_15' title='bbox 471 649 788 738; x_wconf 71' lang='lat' dir='ltr'>Thmyri</span> <span class='ocrx_word' id='word_1_16' title='bbox 817 686 905 699; x_wconf 85' lang='lat'>--</span> <span class='ocrx_word' id='word_1_17' title='bbox 935 645 1172 715; x_wconf 80' lang='lat' dir='ltr'>Getico</span> <span class='ocrx_word' id='word_1_18' title='bbox 1221 645 1410 713; x_wconf 83' lang='lat' dir='ltr'>vati.</span> <span class='ocrx_word' id='word_1_19' title='bbox 1466 645 1704 713; x_wconf 85' lang='lat' dir='ltr'>Boeth.</span> <span class='ocrx_word' id='word_1_20' title='bbox 1740 644 1938 713; x_wconf 82' lang='lat' dir='ltr'>Oons.</span> <span class='ocrx_word' id='word_1_21' title='bbox 1969 643 2137 711; x_wconf 89' lang='lat' dir='ltr'><strong>Phil.</strong></span> <span class='ocrx_word' id='word_1_22' title='bbox 2170 643 2261 711; x_wconf 93' lang='lat' dir='ltr'>lll.</span> <span class='ocrx_word' id='word_1_23' title='bbox 2292 646 2487 713; x_wconf 82' lang='lat' dir='ltr'>Metr.</span> <span class='ocrx_word' id='word_1_24' title='bbox 2526 647 2628 731; x_wconf 84' lang='lat'>12,</span> 
     </span>
     <span class='ocr_line' id='line_1_4' title="bbox 471 748 2630 840; baseline 0 -19"><span class='ocrx_word' id='word_1_25' title='bbox 471 758 543 821; x_wconf 87' lang='lat'>6:</span> <span class='ocrx_word' id='word_1_26' title='bbox 573 753 925 839; x_wconf 76' lang='lat' dir='ltr'><strong>Quondam</strong></span> <span class='ocrx_word' id='word_1_27' title='bbox 943 753 1180 821; x_wconf 78' lang='lat' dir='ltr'>funera</span> <span class='ocrx_word' id='word_1_28' title='bbox 1201 748 1494 840; x_wconf 79' lang='lat' dir='ltr'>conjugis</span> <span class='ocrx_word' id='word_1_29' title='bbox 1525 752 1787 819; x_wconf 84' lang='lat' dir='ltr'>Vates</span> <span class='ocrx_word' id='word_1_30' title='bbox 1817 750 2265 818; x_wconf 83' lang='lat' dir='ltr'>Threicius</span> <span class='ocrx_word' id='word_1_31' title='bbox 2288 759 2630 840; x_wconf 82' lang='lat' dir='ltr'>gemens.“</span> 
     </span>
     <span class='ocr_line' id='line_1_5' title="bbox 469 856 2629 929; baseline -0.001 0"><span class='ocrx_word' id='word_1_32' title='bbox 469 860 816 929; x_wconf 78' lang='lat' dir='ltr'>Claudian.</span> <span class='ocrx_word' id='word_1_33' title='bbox 845 860 927 929; x_wconf 83' lang='lat' dir='ltr'><strong>R.</strong></span> <span class='ocrx_word' id='word_1_34' title='bbox 958 859 1144 925; x_wconf 87' lang='lat' dir='ltr'>Pros.</span> <span class='ocrx_word' id='word_1_35' title='bbox 1176 856 1242 924; x_wconf 91' lang='lat' dir='ltr'>ll.</span> <span class='ocrx_word' id='word_1_36' title='bbox 1273 858 1489 925; x_wconf 81' lang='lat' dir='ltr'>Praef.</span> <span class='ocrx_word' id='word_1_37' title='bbox 1544 858 1664 924; x_wconf 84' lang='lat'>49:</span> <span class='ocrx_word' id='word_1_38' title='bbox 1722 857 2122 925; x_wconf 84' lang='lat' dir='ltr'>Thracius</span> <span class='ocrx_word' id='word_1_39' title='bbox 2174 857 2340 925; x_wconf 79' lang='lat' dir='ltr'>haec</span> <span class='ocrx_word' id='word_1_40' title='bbox 2378 868 2629 927; x_wconf 81' lang='lat' dir='ltr'>vates.</span> 
     </span>
     <span class='ocr_line' id='line_1_6' title="bbox 471 962 2629 1053; baseline 0 -20"><span class='ocrx_word' id='word_1_41' title='bbox 471 968 552 1033; x_wconf 82' lang='lat' dir='ltr'>cf.</span> <span class='ocrx_word' id='word_1_42' title='bbox 599 966 760 1035; x_wconf 81' lang='lat' dir='ltr'>Silv.</span> <span class='ocrx_word' id='word_1_43' title='bbox 795 965 862 1031; x_wconf 91' lang='lat' dir='ltr'>ll.</span> <span class='ocrx_word' id='word_1_44' title='bbox 897 967 958 1050; x_wconf 78' lang='lat'>2,</span> <span class='ocrx_word' id='word_1_45' title='bbox 993 966 1074 1031; x_wconf 89' lang='grc'>61</span> <span class='ocrx_word' id='word_1_46' title='bbox 1113 964 1390 1032; x_wconf 80' lang='lat' dir='ltr'>Getici</span> <span class='ocrx_word' id='word_1_47' title='bbox 1419 963 1635 1052; x_wconf 86' lang='lat' dir='ltr'>gloria</span> <span class='ocrx_word' id='word_1_48' title='bbox 1675 962 1910 1053; x_wconf 79' lang='lat' dir='ltr'>plectri</span> <span class='ocrx_word' id='word_1_49' title='bbox 1942 972 2011 1031; x_wconf 87' lang='lat' dir='ltr'>et</span> <span class='ocrx_word' id='word_1_50' title='bbox 2060 963 2120 1049; x_wconf 82' lang='lat'>7,</span> <span class='ocrx_word' id='word_1_51' title='bbox 2168 963 2279 1029; x_wconf 84' lang='lat'>44.</span> <span class='ocrx_word' id='word_1_52' title='bbox 2324 963 2415 1031; x_wconf 93' lang='lat' dir='ltr'>lll.</span> <span class='ocrx_word' id='word_1_53' title='bbox 2455 968 2513 1049; x_wconf 85' lang='lat'>1,</span> <span class='ocrx_word' id='word_1_54' title='bbox 2550 966 2629 1033; x_wconf 88' lang='grc'>17</span> 
     </span>
     <span class='ocr_line' id='line_1_7' title="bbox 477 1069 2627 1161; baseline -0.001 -20"><span class='ocrx_word' id='word_1_55' title='bbox 477 1073 789 1141; x_wconf 81' lang='lat' dir='ltr'>Getica</span> <span class='ocrx_word' id='word_1_56' title='bbox 831 1072 998 1161; x_wconf 84' lang='lat' dir='ltr'>lyra.</span> <span class='ocrx_word' id='word_1_57' title='bbox 1059 1072 1142 1139; x_wconf 88' lang='lat' dir='ltr'>V.</span> <span class='ocrx_word' id='word_1_58' title='bbox 1189 1072 1252 1155; x_wconf 86' lang='lat'>3,</span> <span class='ocrx_word' id='word_1_59' title='bbox 1309 1071 1435 1137; x_wconf 83' lang='lat'>271</span> <span class='ocrx_word' id='word_1_60' title='bbox 1491 1069 1786 1158; x_wconf 78' lang='lat' dir='ltr'>chelyn</span> <span class='ocrx_word' id='word_1_61' title='bbox 1846 1070 2204 1159; x_wconf 79' lang='lat' dir='ltr'>Odrysiam</span> <span class='ocrx_word' id='word_1_62' title='bbox 2248 1072 2334 1139; x_wconf 83' lang='lat' dir='ltr'>cf.</span> <span class='ocrx_word' id='word_1_63' title='bbox 2403 1069 2627 1140; x_wconf 87' lang='lat' dir='ltr'>Sidon.</span> 
     </span>
     <span class='ocr_line' id='line_1_8' title="bbox 457 1177 2631 1270; baseline 0 -23"><span class='ocrx_word' id='word_1_64' title='bbox 457 1178 772 1270; x_wconf 87' lang='lat' dir='ltr'>-Apollin.</span> <span class='ocrx_word' id='word_1_65' title='bbox 818 1179 927 1247; x_wconf 95' lang='lat' dir='ltr'>Vl.</span> <span class='ocrx_word' id='word_1_66' title='bbox 975 1181 1046 1245; x_wconf 79' lang='lat'>2:</span> <span class='ocrx_word' id='word_1_67' title='bbox 1115 1179 1354 1246; x_wconf 82' lang='lat' dir='ltr'>festum</span> <span class='ocrx_word' id='word_1_68' title='bbox 1423 1177 1578 1245; x_wconf 88' lang='lat' dir='ltr'>dum</span> <span class='ocrx_word' id='word_1_69' title='bbox 1648 1177 1955 1246; x_wconf 87' lang='lat' dir='ltr'>cantibus</span> <span class='ocrx_word' id='word_1_70' title='bbox 2026 1187 2242 1246; x_wconf 90' lang='lat' dir='ltr'>ortum</span> <span class='ocrx_word' id='word_1_71' title='bbox 2308 1179 2631 1247; x_wconf 76' lang='lat' dir='ltr'>Personat</span> 
     </span>
     <span class='ocr_line' id='line_1_9' title="bbox 473 1283 2633 1373; baseline -0.001 -16"><span class='ocrx_word' id='word_1_72' title='bbox 473 1288 819 1357; x_wconf 85' lang='lat' dir='ltr'>Jsmario</span> <span class='ocrx_word' id='word_1_73' title='bbox 867 1285 1215 1353; x_wconf 74' lang='lat' dir='ltr'>Thracia</span> <span class='ocrx_word' id='word_1_74' title='bbox 1257 1296 1409 1353; x_wconf 84' lang='lat' dir='ltr'>vate</span> <span class='ocrx_word' id='word_1_75' title='bbox 1458 1283 1705 1373; x_wconf 84' lang='lat' dir='ltr'>chelys.</span> <span class='ocrx_word' id='word_1_76' title='bbox 1766 1284 1893 1352; x_wconf 91' lang='lat' dir='ltr'><strong>IX.</strong></span> <span class='ocrx_word' id='word_1_77' title='bbox 1941 1285 2418 1353; x_wconf 56' lang='lat' dir='ltr'>284=1vatem</span> <span class='ocrx_word' id='word_1_78' title='bbox 2462 1286 2633 1355; x_wconf 86' lang='lat' dir='ltr'>Rho-</span> 
     </span>
     <span class='ocr_line' id='line_1_10' title="bbox 459 1390 2629 1483; baseline 0 -22"><span class='ocrx_word' id='word_1_79' title='bbox 459 1394 807 1483; x_wconf 84' lang='lat' dir='ltr'>·dopeium.</span> <span class='ocrx_word' id='word_1_80' title='bbox 857 1390 1087 1459; x_wconf 83' lang='lat' dir='ltr'>XXlll.</span> <span class='ocrx_word' id='word_1_81' title='bbox 1141 1394 1297 1459; x_wconf 83' lang='lat'>121:</span> <span class='ocrx_word' id='word_1_82' title='bbox 1347 1390 1627 1458; x_wconf 83' lang='lat' dir='ltr'><strong>Thrax</strong></span> <span class='ocrx_word' id='word_1_83' title='bbox 1672 1390 1934 1481; x_wconf 86' lang='lat' dir='ltr'>vates)</span> <span class='ocrx_word' id='word_1_84' title='bbox 1998 1391 2137 1458; x_wconf 85' lang='lat' dir='ltr'>sive</span> <span class='ocrx_word' id='word_1_85' title='bbox 2201 1391 2381 1481; x_wconf 85' lang='lat' dir='ltr'>quod</span> <span class='ocrx_word' id='word_1_86' title='bbox 2424 1391 2516 1461; x_wconf 91' lang='lat' dir='ltr'>lll.</span> <span class='ocrx_word' id='word_1_87' title='bbox 2565 1397 2629 1477; x_wconf 87' lang='lat'>3,</span> 
     </span>
     <span class='ocr_line' id='line_1_11' title="bbox 481 1496 2629 1587; baseline 0.001 -23"><span class='ocrx_word' id='word_1_88' title='bbox 481 1500 637 1566; x_wconf 77' lang='lat'>193:</span> <span class='ocrx_word' id='word_1_89' title='bbox 683 1500 999 1567; x_wconf 87' lang='lat' dir='ltr'>immitem</span> <span class='ocrx_word' id='word_1_90' title='bbox 1045 1499 1260 1587; x_wconf 88' lang='lat' dir='ltr'>potuit</span> <span class='ocrx_word' id='word_1_91' title='bbox 1303 1496 1514 1586; x_wconf 85' lang='lat' dir='ltr'>Styga</span> <span class='ocrx_word' id='word_1_92' title='bbox 1570 1498 1837 1565; x_wconf 83' lang='lat' dir='ltr'>vincere</span> <span class='ocrx_word' id='word_1_93' title='bbox 1884 1496 2168 1587; x_wconf 79' lang='lat' dir='ltr'>supplex</span> <span class='ocrx_word' id='word_1_94' title='bbox 2229 1498 2629 1566; x_wconf 83' lang='lat' dir='ltr'>Thracius</span> 
     </span>
     <span class='ocr_line' id='line_1_12' title="bbox 481 1601 2630 1695; baseline 0.001 -25"><span class='ocrx_word' id='word_1_95' title='bbox 481 1604 731 1693; x_wconf 86' lang='lat' dir='ltr'>(Sidon.</span> <span class='ocrx_word' id='word_1_96' title='bbox 746 1603 1034 1695; x_wconf 89' lang='lat' dir='ltr'>Apollin.</span> <span class='ocrx_word' id='word_1_97' title='bbox 1060 1604 1214 1671; x_wconf 92' lang='lat' dir='ltr'>XV.</span> <span class='ocrx_word' id='word_1_98' title='bbox 1247 1604 1401 1670; x_wconf 84' lang='lat'>163:</span> <span class='ocrx_word' id='word_1_99' title='bbox 1429 1601 1662 1671; x_wconf 83' lang='lat' dir='ltr'><strong>Thrax</strong></span> <span class='ocrx_word' id='word_1_100' title='bbox 1690 1602 1929 1671; x_wconf 83' lang='lat' dir='ltr'>fidibus</span> <span class='ocrx_word' id='word_1_101' title='bbox 1950 1602 2165 1691; x_wconf 86' lang='lat' dir='ltr'>legem</span> <span class='ocrx_word' id='word_1_102' title='bbox 2180 1608 2630 1673; x_wconf 83' lang='lat' dir='ltr'>—temeravit</span> 
     </span>
     <span class='ocr_line' id='line_1_13' title="bbox 487 1708 2629 1801; baseline 0.001 -24"><span class='ocrx_word' id='word_1_103' title='bbox 487 1710 810 1801; x_wconf 85' lang='lat' dir='ltr'>Averni“)</span> <span class='ocrx_word' id='word_1_104' title='bbox 857 1720 970 1778; x_wconf 85' lang='lat' dir='ltr'>aut</span> <span class='ocrx_word' id='word_1_105' title='bbox 1018 1710 1196 1801; x_wconf 88' lang='lat' dir='ltr'>quod</span> <span class='ocrx_word' id='word_1_106' title='bbox 1243 1718 1344 1776; x_wconf 82' lang='lat' dir='ltr'>est</span> <span class='ocrx_word' id='word_1_107' title='bbox 1387 1710 1458 1777; x_wconf 86' lang='lat' dir='ltr'>in</span> <span class='ocrx_word' id='word_1_108' title='bbox 1502 1710 1586 1775; x_wconf 90' lang='lat' dir='ltr'>V.</span> <span class='ocrx_word' id='word_1_109' title='bbox 1636 1709 1678 1776; x_wconf 95' lang='lat' dir='ltr'>l.</span> <span class='ocrx_word' id='word_1_110' title='bbox 1728 1709 1844 1779; x_wconf 77' lang='lat'>24:</span> <span class='ocrx_word' id='word_1_111' title='bbox 1912 1708 2093 1776; x_wconf 80' lang='lat' dir='ltr'>silvis</span> <span class='ocrx_word' id='word_1_112' title='bbox 2164 1712 2512 1782; x_wconf 76' lang='lat' dir='ltr'>comitatus</span> <span class='ocrx_word' id='word_1_113' title='bbox 2559 1724 2629 1779; x_wconf 87' lang='lat' dir='ltr'>et</span> 
     </span>
     <span class='ocr_line' id='line_1_14' title="bbox 487 1813 2629 1907; baseline 0.001 -23"><span class='ocrx_word' id='word_1_114' title='bbox 487 1817 782 1885; x_wconf 83' lang='lat' dir='ltr'>amnibus</span> <span class='ocrx_word' id='word_1_115' title='bbox 830 1817 1210 1907; x_wconf 86' lang='lat' dir='ltr'>Orpheus</span> <span class='ocrx_word' id='word_1_116' title='bbox 1255 1816 1338 1882; x_wconf 86' lang='lat' dir='ltr'>cf.</span> <span class='ocrx_word' id='word_1_117' title='bbox 1387 1818 1450 1900; x_wconf 88' lang='lat'>3,</span> <span class='ocrx_word' id='word_1_118' title='bbox 1501 1815 1785 1881; x_wconf 80' lang='lat'><strong>16—60.</strong></span> <span class='ocrx_word' id='word_1_119' title='bbox 1818 1813 2026 1882; x_wconf 84' lang='lat' dir='ltr'><strong>Theb.</strong></span> <span class='ocrx_word' id='word_1_120' title='bbox 2074 1816 2159 1882; x_wconf 90' lang='lat' dir='ltr'>V.</span> <span class='ocrx_word' id='word_1_121' title='bbox 2208 1817 2371 1885; x_wconf 81' lang='lat'><strong>435:</strong></span> <span class='ocrx_word' id='word_1_122' title='bbox 2418 1818 2629 1887; x_wconf 79' lang='lat' dir='ltr'>durae</span> 
     </span>
     <span class='ocr_line' id='line_1_15' title="bbox 487 1922 2627 2015; baseline 0 -24"><span class='ocrx_word' id='word_1_123' title='bbox 487 1924 759 1993; x_wconf 79' lang='lat' dir='ltr'>similem</span> <span class='ocrx_word' id='word_1_124' title='bbox 804 1923 898 1993; x_wconf 88' lang='lat' dir='ltr'>nil</span> <span class='ocrx_word' id='word_1_125' title='bbox 944 1923 1212 2015; x_wconf 84' lang='lat' dir='ltr'>Orphe</span> <span class='ocrx_word' id='word_1_126' title='bbox 1230 1947 1271 1990; x_wconf 82' lang='lat' dir='ltr'>a</span> <span class='ocrx_word' id='word_1_127' title='bbox 1315 1923 1683 1991; x_wconf 59' lang='lat' dir='ltr'>Thracaef‘</span> <span class='ocrx_word' id='word_1_128' title='bbox 1775 1922 1994 2007; x_wconf 77' lang='lat' dir='ltr'>Quum</span> <span class='ocrx_word' id='word_1_129' title='bbox 2038 1922 2242 2010; x_wconf 84' lang='lat' dir='ltr'>igitur</span> <span class='ocrx_word' id='word_1_130' title='bbox 2300 1924 2460 1992; x_wconf 85' lang='lat' dir='ltr'>nihil</span> <span class='ocrx_word' id='word_1_131' title='bbox 2518 1925 2627 1992; x_wconf 87' lang='lat' dir='ltr'>hic</span> 
     </span>
     <span class='ocr_line' id='line_1_16' title="bbox 479 2020 2627 2121; baseline 0 -23"><span class='ocrx_word' id='word_1_132' title='bbox 479 2034 755 2100; x_wconf 84' lang='lat' dir='ltr'>attineat</span> <span class='ocrx_word' id='word_1_133' title='bbox 779 2032 1280 2099; x_wconf 81' lang='lat' dir='ltr'>&#39;commemorari</span> <span class='ocrx_word' id='word_1_134' title='bbox 1311 2029 1564 2118; x_wconf 88' lang='lat' dir='ltr'>Orphei</span> <span class='ocrx_word' id='word_1_135' title='bbox 1609 2030 1910 2119; x_wconf 73' lang='lat' dir='ltr'>patriam,</span> <span class='ocrx_word' id='word_1_136' title='bbox 1958 2028 2085 2095; x_wconf 90' lang='lat' dir='ltr'>hoc</span> <span class='ocrx_word' id='word_1_137' title='bbox 2129 2030 2277 2121; x_wconf 81' lang='lat' dir='ltr'>ipsa</span> <span class='ocrx_word' id='word_1_138' title='bbox 2294 2020 2434 2099; x_wconf 78' lang='lat' dir='ltr'>‘res</span> <span class='ocrx_word' id='word_1_139' title='bbox 2482 2054 2627 2099; x_wconf 84' lang='lat' dir='ltr'>cum</span> 
     </span>
     <span class='ocr_line' id='line_1_17' title="bbox 479 2135 2629 2228; baseline 0 -23"><span class='ocrx_word' id='word_1_140' title='bbox 479 2140 764 2207; x_wconf 75' lang='lat' dir='ltr'>maxime</span> <span class='ocrx_word' id='word_1_141' title='bbox 791 2138 1116 2223; x_wconf 82' lang='lat' dir='ltr'>hortatur,</span> <span class='ocrx_word' id='word_1_142' title='bbox 1147 2146 1221 2205; x_wconf 85' lang='lat' dir='ltr'>ut</span> <span class='ocrx_word' id='word_1_143' title='bbox 1266 2136 1662 2227; x_wconf 87' lang='lat' dir='ltr'>quomodo</span> <span class='ocrx_word' id='word_1_144' title='bbox 1694 2135 1998 2225; x_wconf 85' lang='lat' dir='ltr'>Orpheus</span> <span class='ocrx_word' id='word_1_145' title='bbox 2031 2138 2365 2223; x_wconf 87' lang='lat' dir='ltr'>cecinerit,</span> <span class='ocrx_word' id='word_1_146' title='bbox 2398 2149 2629 2228; x_wconf 83' lang='lat' dir='ltr'>aperte</span> 
     </span>
     <span class='ocr_line' id='line_1_18' title="bbox 479 2241 2631 2331; baseline -0.001 -18"><span class='ocrx_word' id='word_1_147' title='bbox 479 2253 904 2313; x_wconf 75' lang='lat' dir='ltr'>monstretur:</span> <span class='ocrx_word' id='word_1_148' title='bbox 971 2243 1134 2311; x_wconf 89' lang='lat' dir='ltr'>illud</span> <span class='ocrx_word' id='word_1_149' title='bbox 1201 2244 1376 2311; x_wconf 87' lang='lat' dir='ltr'>enim</span> <span class='ocrx_word' id='word_1_150' title='bbox 1421 2243 1667 2310; x_wconf 76' lang='lat' dir='ltr'>fatetur</span> <span class='ocrx_word' id='word_1_151' title='bbox 1709 2249 1908 2331; x_wconf 81' lang='lat' dir='ltr'>poeta</span> <span class='ocrx_word' id='word_1_152' title='bbox 1954 2264 2023 2308; x_wconf 87' lang='lat' dir='ltr'>se</span> <span class='ocrx_word' id='word_1_153' title='bbox 2069 2241 2235 2311; x_wconf 87' lang='lat' dir='ltr'>nihil</span> <span class='ocrx_word' id='word_1_154' title='bbox 2279 2252 2465 2312; x_wconf 79' lang='lat' dir='ltr'>tanto</span> <span class='ocrx_word' id='word_1_155' title='bbox 2512 2246 2631 2311; x_wconf 81' lang='lat' dir='ltr'>ful·</span> 
     </span>
     <span class='ocr_line' id='line_1_19' title="bbox 483 2347 2628 2440; baseline 0 -22"><span class='ocrx_word' id='word_1_156' title='bbox 483 2354 656 2419; x_wconf 86' lang='lat' dir='ltr'>mine</span> <span class='ocrx_word' id='word_1_157' title='bbox 715 2351 1010 2439; x_wconf 80' lang='lat' dir='ltr'>dignum.</span> <span class='ocrx_word' id='word_1_158' title='bbox 1040 2351 1334 2440; x_wconf 88' lang='lat' dir='ltr'>reperire</span> <span class='ocrx_word' id='word_1_159' title='bbox 1396 2350 1743 2437; x_wconf 78' lang='lat' dir='ltr'>omniaque</span> <span class='ocrx_word' id='word_1_160' title='bbox 1802 2347 1928 2416; x_wconf 81' lang='lat' dir='ltr'>sibi</span> <span class='ocrx_word' id='word_1_161' title='bbox 1984 2347 2195 2416; x_wconf 84' lang='lat' dir='ltr'>verba</span> <span class='ocrx_word' id='word_1_162' title='bbox 2256 2350 2628 2418; x_wconf 86' lang='lat' dir='ltr'>sordere:</span> 
     </span>
     <span class='ocr_line' id='line_1_20' title="bbox 481 2454 2634 2549; baseline -0.001 -23"><span class='ocrx_word' id='word_1_163' title='bbox 481 2457 820 2549; x_wconf 84' lang='lat' dir='ltr'>Orpheum</span> <span class='ocrx_word' id='word_1_164' title='bbox 865 2456 1131 2547; x_wconf 87' lang='lat' dir='ltr'>quidem</span> <span class='ocrx_word' id='word_1_165' title='bbox 1174 2457 1245 2522; x_wconf 87' lang='lat' dir='ltr'>in</span> <span class='ocrx_word' id='word_1_166' title='bbox 1289 2454 1659 2544; x_wconf 73' lang='lat' dir='ltr'>Eurydices</span> <span class='ocrx_word' id='word_1_167' title='bbox 1719 2454 1946 2521; x_wconf 84' lang='lat' dir='ltr'>funere</span> <span class='ocrx_word' id='word_1_168' title='bbox 2006 2476 2271 2523; x_wconf 74' lang='lat' dir='ltr'>carmen</span> <span class='ocrx_word' id='word_1_169' title='bbox 2314 2480 2361 2523; x_wconf 84' lang='lat' dir='ltr'>n</span> <span class='ocrx_word' id='word_1_170' title='bbox 2378 2478 2415 2524; x_wconf 94' lang='lat' dir='ltr'>o</span> <span class='ocrx_word' id='word_1_171' title='bbox 2432 2480 2479 2523; x_wconf 92' lang='lat' dir='ltr'>n</span> <span class='ocrx_word' id='word_1_172' title='bbox 2523 2457 2634 2523; x_wconf 88' lang='lat' dir='ltr'>in-</span> 
     </span>
     <span class='ocr_line' id='line_1_21' title="bbox 477 2560 2633 2655; baseline -0.001 -24"><span class='ocrx_word' id='word_1_173' title='bbox 477 2588 514 2631; x_wconf 89' lang='lat' dir='ltr'>c</span> <span class='ocrx_word' id='word_1_174' title='bbox 531 2573 887 2655; x_wconf 85' lang='lat' dir='ltr'>omptum</span> <span class='ocrx_word' id='word_1_175' title='bbox 932 2564 1262 2632; x_wconf 82' lang='lat' dir='ltr'>invenisse</span> <span class='ocrx_word' id='word_1_176' title='bbox 1309 2571 1506 2652; x_wconf 84' lang='lat' dir='ltr'>atque</span> <span class='ocrx_word' id='word_1_177' title='bbox 1553 2560 1927 2651; x_wconf 89' lang='lat' dir='ltr'>Apollinem</span> <span class='ocrx_word' id='word_1_178' title='bbox 1972 2561 2125 2629; x_wconf 87' lang='lat' dir='ltr'>Lini</span> <span class='ocrx_word' id='word_1_179' title='bbox 2196 2561 2392 2630; x_wconf 75' lang='lat' dir='ltr'>busta</span> <span class='ocrx_word' id='word_1_180' title='bbox 2458 2562 2503 2631; x_wconf 88' lang='lat' dir='ltr'>d</span> <span class='ocrx_word' id='word_1_181' title='bbox 2520 2563 2633 2630; x_wconf 88' lang='lat' dir='ltr'>ul-</span> 
     </span>
     <span class='ocr_line' id='line_1_22' title="bbox 482 2667 2635 2761; baseline -0 -24"><span class='ocrx_word' id='word_1_182' title='bbox 482 2671 710 2739; x_wconf 85' lang='lat' dir='ltr'>cibus</span> <span class='ocrx_word' id='word_1_183' title='bbox 779 2670 1167 2761; x_wconf 83' lang='lat' dir='ltr'>quibusdam</span> <span class='ocrx_word' id='word_1_184' title='bbox 1221 2667 1435 2736; x_wconf 87' lang='lat' dir='ltr'>modis</span> <span class='ocrx_word' id='word_1_185' title='bbox 1492 2667 1860 2735; x_wconf 88' lang='lat' dir='ltr'>deflevisse.</span> <span class='ocrx_word' id='word_1_186' title='bbox 1971 2668 2194 2753; x_wconf 77' lang='lat' dir='ltr'>Quare</span> <span class='ocrx_word' id='word_1_187' title='bbox 2252 2668 2409 2754; x_wconf 85' lang='lat' dir='ltr'>hoe,</span> <span class='ocrx_word' id='word_1_188' title='bbox 2457 2671 2635 2759; x_wconf 88' lang='lat' dir='ltr'>quod</span> 
     </span>
     <span class='ocr_line' id='line_1_23' title="bbox 483 2774 2631 2866; baseline 0 -23"><span class='ocrx_word' id='word_1_189' title='bbox 483 2780 695 2866; x_wconf 82' lang='lat' dir='ltr'>ipsum</span> <span class='ocrx_word' id='word_1_190' title='bbox 738 2776 981 2844; x_wconf 86' lang='lat' dir='ltr'>latinae</span> <span class='ocrx_word' id='word_1_191' title='bbox 1027 2774 1486 2843; x_wconf 87' lang='lat' dir='ltr'>consuetudini</span> <span class='ocrx_word' id='word_1_192' title='bbox 1532 2774 2029 2841; x_wconf 82' lang='lat' dir='ltr'>convenientius</span> <span class='ocrx_word' id='word_1_193' title='bbox 2076 2784 2205 2859; x_wconf 88' lang='lat' dir='ltr'>est,</span> <span class='ocrx_word' id='word_1_194' title='bbox 2268 2797 2464 2865; x_wconf 85' lang='lat' dir='ltr'>quam</span> <span class='ocrx_word' id='word_1_195' title='bbox 2508 2777 2631 2843; x_wconf 81' lang='lat' dir='ltr'>iste</span> 
     </span>
    </p>
   </div>
   <div class='ocr_carea' id='block_1_3' title="bbox 488 2879 2633 3080">
    <p class='ocr_par' dir='ltr' id='par_1_3' title="bbox 488 2879 2633 3080">
     <span class='ocr_line' id='line_1_24' title="bbox 488 2879 2633 2969; baseline -0 -19"><span class='ocrx_word' id='word_1_196' title='bbox 488 2883 840 2951; x_wconf 82' lang='lat' dir='ltr'>verborum</span> <span class='ocrx_word' id='word_1_197' title='bbox 909 2881 1100 2950; x_wconf 86' lang='lat' dir='ltr'>ordo:</span> <span class='ocrx_word' id='word_1_198' title='bbox 1168 2880 1503 2966; x_wconf 84' lang='lat' dir='ltr'>‚‚invenit‚</span> <span class='ocrx_word' id='word_1_199' title='bbox 1576 2888 1917 2946; x_wconf 84' lang='lat' dir='ltr'>caneret</span> <span class='ocrx_word' id='word_1_200' title='bbox 1985 2879 2244 2969; x_wconf 85' lang='lat' dir='ltr'>quod,</span> <span class='ocrx_word' id='word_1_201' title='bbox 2314 2880 2633 2950; x_wconf 84' lang='lat' dir='ltr'>Thracius</span> 
     </span>
     <span class='ocr_line' id='line_1_25' title="bbox 489 2984 2631 3080; baseline -0.001 -23"><span class='ocrx_word' id='word_1_202' title='bbox 489 2988 840 3080; x_wconf 85' lang='lat' dir='ltr'>Orpheus“</span> <span class='ocrx_word' id='word_1_203' title='bbox 887 2988 1000 3078; x_wconf 81' lang='lat' dir='ltr'>(cf.</span> <span class='ocrx_word' id='word_1_204' title='bbox 1047 2986 1277 3054; x_wconf 72' lang='lat' dir='ltr'>Heme.</span> <span class='ocrx_word' id='word_1_205' title='bbox 1325 2996 1392 3053; x_wconf 86' lang='lat' dir='ltr'>et</span> <span class='ocrx_word' id='word_1_206' title='bbox 1437 2986 1663 3053; x_wconf 89' lang='lat' dir='ltr'>Burm.</span> <span class='ocrx_word' id='word_1_207' title='bbox 1712 2984 1910 3054; x_wconf 85' lang='lat' dir='ltr'>Ovid.</span> <span class='ocrx_word' id='word_1_208' title='bbox 1968 2985 2115 3054; x_wconf 77' lang='lat' dir='ltr'>Art.</span> <span class='ocrx_word' id='word_1_209' title='bbox 2165 2986 2314 3053; x_wconf 89' lang='lat' dir='ltr'>Am.</span> <span class='ocrx_word' id='word_1_210' title='bbox 2384 2986 2451 3054; x_wconf 85' lang='lat' dir='ltr'>ll.</span> <span class='ocrx_word' id='word_1_211' title='bbox 2504 2989 2631 3055; x_wconf 80' lang='lat'>707</span> 
     </span>
    </p>
   </div>
   <div class='ocr_carea' id='block_1_4' title="bbox 481 3092 2439 3185">
    <p class='ocr_par' dir='ltr' id='par_1_4' title="bbox 481 3092 2439 3185">
     <span class='ocr_line' id='line_1_26' title="bbox 481 3092 2439 3185; baseline 0 -24"><span class='ocrx_word' id='word_1_212' title='bbox 481 3120 548 3185; x_wconf 86' lang='lat' dir='ltr'>p.</span> <span class='ocrx_word' id='word_1_213' title='bbox 599 3094 731 3162; x_wconf 80' lang='lat'>650</span> <span class='ocrx_word' id='word_1_214' title='bbox 776 3094 925 3162; x_wconf 77' lang='lat' dir='ltr'>add.</span> <span class='ocrx_word' id='word_1_215' title='bbox 973 3095 1163 3183; x_wconf 89' lang='lat' dir='ltr'>Virg.</span> <span class='ocrx_word' id='word_1_216' title='bbox 1209 3092 1379 3160; x_wconf 86' lang='lat' dir='ltr'>Aen.</span> <span class='ocrx_word' id='word_1_217' title='bbox 1426 3092 1537 3159; x_wconf 86' lang='lat'>111.</span> <span class='ocrx_word' id='word_1_218' title='bbox 1585 3092 1793 3183; x_wconf 87' lang='lat'>546.)‚</span> <span class='ocrx_word' id='word_1_219' title='bbox 1844 3100 2103 3182; x_wconf 83' lang='lat' dir='ltr'>oportet</span> <span class='ocrx_word' id='word_1_220' title='bbox 2149 3096 2439 3161; x_wconf 83' lang='lat' dir='ltr'>restitui:</span> 
     </span>
    </p>
   </div>
   <div class='ocr_carea' id='block_1_5' title="bbox 793 3218 2323 3375">
    <p class='ocr_par' dir='ltr' id='par_1_5' title="bbox 793 3218 2323 3375">
     <span class='ocr_line' id='line_1_27' title="bbox 1297 3218 1849 3271; baseline 0 0"><span class='ocrx_word' id='word_1_221' title='bbox 1297 3219 1342 3271; x_wconf 81' lang='lat' dir='ltr'>si</span> <span class='ocrx_word' id='word_1_222' title='bbox 1380 3218 1432 3271; x_wconf 84' lang='lat' dir='ltr'>in</span> <span class='ocrx_word' id='word_1_223' title='bbox 1471 3218 1656 3271; x_wconf 75' lang='lat' dir='ltr'>funere</span> <span class='ocrx_word' id='word_1_224' title='bbox 1694 3232 1849 3271; x_wconf 75' lang='lat' dir='ltr'>carae</span> 
     </span>
     <span class='ocr_line' id='line_1_28' title="bbox 793 3302 2323 3375; baseline 0 -16"><span class='ocrx_word' id='word_1_225' title='bbox 793 3304 1050 3375; x_wconf 69' lang='lat' dir='ltr'>Coniugis</span> <span class='ocrx_word' id='word_1_226' title='bbox 1075 3304 1291 3363; x_wconf 73' lang='lat' dir='ltr'>invenit,</span> <span class='ocrx_word' id='word_1_227' title='bbox 1317 3310 1535 3357; x_wconf 78' lang='lat' dir='ltr'>caneret</span> <span class='ocrx_word' id='word_1_228' title='bbox 1569 3302 1713 3374; x_wconf 84' lang='lat' dir='ltr'>quod</span> <span class='ocrx_word' id='word_1_229' title='bbox 1752 3304 2033 3366; x_wconf 76' lang='lat' dir='ltr'>tersius,</span> <span class='ocrx_word' id='word_1_230' title='bbox 2071 3302 2323 3375; x_wconf 83' lang='lat' dir='ltr'>Orpheus</span> 
     </span>
    </p>
   </div>
   <div class='ocr_carea' id='block_1_6' title="bbox 479 3404 2635 4241">
    <p class='ocr_par' dir='ltr' id='par_1_6' title="bbox 479 3404 2635 4241">
     <span class='ocr_line' id='line_1_29' title="bbox 485 3404 2635 3497; baseline 0 -24"><span class='ocrx_word' id='word_1_231' title='bbox 485 3406 789 3496; x_wconf 86' lang='lat' dir='ltr'>(quocum</span> <span class='ocrx_word' id='word_1_232' title='bbox 819 3407 1042 3477; x_wconf 81' lang='lat' dir='ltr'>verbis</span> <span class='ocrx_word' id='word_1_233' title='bbox 1071 3407 1210 3474; x_wconf 84' lang='lat' dir='ltr'>fere</span> <span class='ocrx_word' id='word_1_234' title='bbox 1242 3406 1548 3490; x_wconf 86' lang='lat' dir='ltr'>concinit,</span> <span class='ocrx_word' id='word_1_235' title='bbox 1584 3406 1913 3473; x_wconf 81' lang='lat' dir='ltr'>sententia</span> <span class='ocrx_word' id='word_1_236' title='bbox 1946 3404 2283 3497; x_wconf 78' lang='lat' dir='ltr'>discrepat</span> <span class='ocrx_word' id='word_1_237' title='bbox 2310 3406 2635 3475; x_wconf 82' lang='lat' dir='ltr'>Barlaeus</span> 
     </span>
     <span class='ocr_line' id='line_1_30' title="bbox 479 3510 2633 3603; baseline 0.001 -24"><span class='ocrx_word' id='word_1_238' title='bbox 479 3514 746 3581; x_wconf 89' lang='lat' dir='ltr'>Heroic.</span> <span class='ocrx_word' id='word_1_239' title='bbox 792 3514 900 3581; x_wconf 91' lang='lat' dir='ltr'>lV.</span> <span class='ocrx_word' id='word_1_240' title='bbox 947 3538 1012 3603; x_wconf 86' lang='lat' dir='ltr'>p.</span> <span class='ocrx_word' id='word_1_241' title='bbox 1059 3511 1218 3578; x_wconf 85' lang='lat'>653:</span> <span class='ocrx_word' id='word_1_242' title='bbox 1265 3534 1399 3579; x_wconf 84' lang='lat' dir='ltr'>non</span> <span class='ocrx_word' id='word_1_243' title='bbox 1445 3512 1785 3579; x_wconf 79' lang='lat' dir='ltr'>suavius</span> <span class='ocrx_word' id='word_1_244' title='bbox 1849 3510 2003 3583; x_wconf 86' lang='lat' dir='ltr'>olim</span> <span class='ocrx_word' id='word_1_245' title='bbox 2046 3513 2388 3581; x_wconf 83' lang='lat' dir='ltr'>Bistonius</span> <span class='ocrx_word' id='word_1_246' title='bbox 2433 3516 2633 3581; x_wconf 86' lang='lat' dir='ltr'>ceci·</span> 
     </span>
     <span class='ocr_line' id='line_1_31' title="bbox 486 3618 2633 3710; baseline 0.001 -25"><span class='ocrx_word' id='word_1_247' title='bbox 486 3620 610 3685; x_wconf 86' lang='lat' dir='ltr'>nit</span> <span class='ocrx_word' id='word_1_248' title='bbox 681 3629 900 3706; x_wconf 78' lang='lat' dir='ltr'>vates,</span> <span class='ocrx_word' id='word_1_249' title='bbox 989 3642 1135 3687; x_wconf 84' lang='lat' dir='ltr'>cum</span> <span class='ocrx_word' id='word_1_250' title='bbox 1222 3618 1536 3685; x_wconf 87' lang='lat' dir='ltr'>redderet</span> <span class='ocrx_word' id='word_1_251' title='bbox 1626 3618 1768 3686; x_wconf 86' lang='lat' dir='ltr'>orbi</span> <span class='ocrx_word' id='word_1_252' title='bbox 1854 3619 2177 3710; x_wconf 83' lang='lat' dir='ltr'>Conjugis</span> <span class='ocrx_word' id='word_1_253' title='bbox 2265 3620 2633 3708; x_wconf 86' lang='lat' dir='ltr'>Eurydices</span> 
     </span>
     <span class='ocr_line' id='line_1_32' title="bbox 479 3724 2633 3817; baseline 0.002 -26"><span class='ocrx_word' id='word_1_254' title='bbox 479 3726 798 3817; x_wconf 80' lang='lat' dir='ltr'>manes“).</span> <span class='ocrx_word' id='word_1_255' title='bbox 891 3726 1158 3813; x_wconf 81' lang='lat' dir='ltr'>Exiguo</span> <span class='ocrx_word' id='word_1_256' title='bbox 1204 3734 1448 3791; x_wconf 87' lang='lat' dir='ltr'>conatu</span> <span class='ocrx_word' id='word_1_257' title='bbox 1492 3726 1581 3809; x_wconf 82' lang='lat' dir='ltr'>id,</span> <span class='ocrx_word' id='word_1_258' title='bbox 1630 3724 1807 3814; x_wconf 84' lang='lat' dir='ltr'>quod</span> <span class='ocrx_word' id='word_1_259' title='bbox 1836 3724 2157 3808; x_wconf 85' lang='lat' dir='ltr'>volumus,</span> <span class='ocrx_word' id='word_1_260' title='bbox 2194 3726 2365 3793; x_wconf 80' lang='lat' dir='ltr'>effici</span> <span class='ocrx_word' id='word_1_261' title='bbox 2396 3726 2633 3796; x_wconf 82' lang='lat' dir='ltr'>docent</span> 
     </span>
     <span class='ocr_line' id='line_1_33' title="bbox 483 3831 2635 3921; baseline 0 -22"><span class='ocrx_word' id='word_1_262' title='bbox 483 3832 834 3901; x_wconf 79' lang='lat' dir='ltr'>Claudiani</span> <span class='ocrx_word' id='word_1_263' title='bbox 877 3832 1030 3900; x_wconf 85' lang='lat' dir='ltr'>libri</span> <span class='ocrx_word' id='word_1_264' title='bbox 1065 3831 1278 3899; x_wconf 82' lang='lat' dir='ltr'>Laud.</span> <span class='ocrx_word' id='word_1_265' title='bbox 1327 3832 1466 3899; x_wconf 84' lang='lat' dir='ltr'>Ser.</span> <span class='ocrx_word' id='word_1_266' title='bbox 1517 3832 1683 3899; x_wconf 81' lang='lat'>208:</span> <span class='ocrx_word' id='word_1_267' title='bbox 1730 3832 2000 3899; x_wconf 78' lang='lat' dir='ltr'>fremuit</span> <span class='ocrx_word' id='word_1_268' title='bbox 2030 3854 2227 3921; x_wconf 87' lang='lat' dir='ltr'>quum</span> <span class='ocrx_word' id='word_1_269' title='bbox 2274 3832 2635 3900; x_wconf 84' lang='lat' dir='ltr'>Thracia</span> 
     </span>
     <span class='ocr_line' id='line_1_34' title="bbox 482 3938 2627 4029; baseline -0.001 -24"><span class='ocrx_word' id='word_1_270' title='bbox 482 3938 637 4005; x_wconf 83' lang='lat' dir='ltr'>belli</span> <span class='ocrx_word' id='word_1_271' title='bbox 681 3940 1088 4029; x_wconf 75' lang='lat' dir='ltr'>Tempestas.</span> <span class='ocrx_word' id='word_1_272' title='bbox 1146 3938 1325 4005; x_wconf 87' lang='lat' dir='ltr'>Med.</span> <span class='ocrx_word' id='word_1_273' title='bbox 1374 3948 1581 4028; x_wconf 83' lang='lat' dir='ltr'>quart.</span> <span class='ocrx_word' id='word_1_274' title='bbox 1654 3940 1891 4007; x_wconf 86' lang='lat' dir='ltr'>Moret.</span> <span class='ocrx_word' id='word_1_275' title='bbox 1963 3962 2063 4028; x_wconf 89' lang='lat' dir='ltr'>pr.</span> <span class='ocrx_word' id='word_1_276' title='bbox 2137 3941 2421 4007; x_wconf 89' lang='lat' dir='ltr'>tercia.</span> <span class='ocrx_word' id='word_1_277' title='bbox 2492 3940 2627 4007; x_wconf 85' lang='lat' dir='ltr'>Pal.</span> 
     </span>
     <span class='ocr_line' id='line_1_35' title="bbox 483 4044 2628 4137; baseline 0.001 -27"><span class='ocrx_word' id='word_1_278' title='bbox 483 4046 742 4112; x_wconf 81' lang='lat' dir='ltr'>tertia</span> <span class='ocrx_word' id='word_1_279' title='bbox 803 4046 915 4123; x_wconf 84' lang='lat' dir='ltr'>(cf.</span> <span class='ocrx_word' id='word_1_280' title='bbox 986 4044 1182 4135; x_wconf 89' lang='lat' dir='ltr'>Apul.</span> <span class='ocrx_word' id='word_1_281' title='bbox 1253 4046 1414 4113; x_wconf 83' lang='lat' dir='ltr'>Met.</span> <span class='ocrx_word' id='word_1_282' title='bbox 1461 4044 1570 4113; x_wconf 92' lang='lat' dir='ltr'><strong>IV.</strong></span> <span class='ocrx_word' id='word_1_283' title='bbox 1638 4069 1704 4134; x_wconf 89' lang='lat' dir='ltr'>p.</span> <span class='ocrx_word' id='word_1_284' title='bbox 1752 4046 1903 4113; x_wconf 82' lang='lat'>274.</span> <span class='ocrx_word' id='word_1_285' title='bbox 1975 4044 2190 4113; x_wconf 84' lang='lat' dir='ltr'>Oxon.</span> <span class='ocrx_word' id='word_1_286' title='bbox 2256 4044 2473 4115; x_wconf 82' lang='lat' dir='ltr'>Guelf.</span> <span class='ocrx_word' id='word_1_287' title='bbox 2528 4070 2628 4137; x_wconf 88' lang='lat' dir='ltr'>pr.</span> 
     </span>
     <span class='ocr_line' id='line_1_36' title="bbox 483 4150 2625 4241; baseline 0 -24"><span class='ocrx_word' id='word_1_288' title='bbox 483 4150 794 4218; x_wconf 82' lang='lat' dir='ltr'>Thratio.</span> <span class='ocrx_word' id='word_1_289' title='bbox 845 4152 1160 4220; x_wconf 84' lang='lat' dir='ltr'>Tractio.</span> <span class='ocrx_word' id='word_1_290' title='bbox 1215 4152 1401 4227; x_wconf 63' lang='lat' dir='ltr'>Plin„</span> <span class='ocrx_word' id='word_1_291' title='bbox 1442 4153 1524 4218; x_wconf 84' lang='lat' dir='ltr'><strong>N.</strong></span> <span class='ocrx_word' id='word_1_292' title='bbox 1569 4153 1659 4219; x_wconf 93' lang='lat' dir='ltr'><strong>H.</strong></span> <span class='ocrx_word' id='word_1_293' title='bbox 1719 4153 1803 4220; x_wconf 94' lang='lat' dir='ltr'><strong>V.</strong></span> <span class='ocrx_word' id='word_1_294' title='bbox 1864 4154 1973 4237; x_wconf 83' lang='lat'>32,</span> <span class='ocrx_word' id='word_1_295' title='bbox 2020 4151 2107 4220; x_wconf 85' lang='lat'>43</span> <span class='ocrx_word' id='word_1_296' title='bbox 2155 4176 2219 4241; x_wconf 90' lang='lat' dir='ltr'>p.</span> <span class='ocrx_word' id='word_1_297' title='bbox 2267 4153 2396 4219; x_wconf 81' lang='lat'>397</span> <span class='ocrx_word' id='word_1_298' title='bbox 2443 4154 2625 4221; x_wconf 86' lang='lat' dir='ltr'>Ricc.</span> 
     </span>
    </p>
   </div>
   <div class='ocr_carea' id='block_1_7' title="bbox 480 4255 2629 4458">
    <p class='ocr_par' dir='ltr' id='par_1_7' title="bbox 480 4255 2629 4458">
     <span class='ocr_line' id='line_1_37' title="bbox 480 4255 2628 4349; baseline 0.002 -27"><span class='ocrx_word' id='word_1_299' title='bbox 480 4255 692 4325; x_wconf 86' lang='lat' dir='ltr'>Tolet.</span> <span class='ocrx_word' id='word_1_300' title='bbox 719 4260 825 4325; x_wconf 86' lang='lat' dir='ltr'>Tr</span> <span class='ocrx_word' id='word_1_301' title='bbox 841 4280 932 4326; x_wconf 79' lang='lat' dir='ltr'>ac</span> <span class='ocrx_word' id='word_1_302' title='bbox 948 4268 1127 4327; x_wconf 87' lang='lat' dir='ltr'>tum.</span> <span class='ocrx_word' id='word_1_303' title='bbox 1153 4257 1493 4326; x_wconf 88' lang='lat' dir='ltr'><strong>XXXVII.</strong></span> <span class='ocrx_word' id='word_1_304' title='bbox 1523 4260 1627 4343; x_wconf 89' lang='lat'>10,</span> <span class='ocrx_word' id='word_1_305' title='bbox 1654 4259 1737 4325; x_wconf 84' lang='lat'>68</span> <span class='ocrx_word' id='word_1_306' title='bbox 1762 4282 1829 4349; x_wconf 87' lang='lat' dir='ltr'>p.</span> <span class='ocrx_word' id='word_1_307' title='bbox 1855 4256 1984 4327; x_wconf 84' lang='lat'>458</span> <span class='ocrx_word' id='word_1_308' title='bbox 2010 4258 2271 4327; x_wconf 78' lang='lat' dir='ltr'>Monac.</span> <span class='ocrx_word' id='word_1_309' title='bbox 2298 4259 2628 4349; x_wconf 84' lang='lat' dir='ltr'>tratiam)</span> 
     </span>
     <span class='ocr_line' id='line_1_38' title="bbox 482 4362 2629 4458; baseline 0.002 -30"><span class='ocrx_word' id='word_1_310' title='bbox 482 4371 550 4429; x_wconf 81' lang='lat' dir='ltr'>et</span> <span class='ocrx_word' id='word_1_311' title='bbox 592 4362 804 4453; x_wconf 85' lang='lat' dir='ltr'>Epist.</span> <span class='ocrx_word' id='word_1_312' title='bbox 836 4363 904 4432; x_wconf 91' lang='lat' dir='ltr'>ll.</span> <span class='ocrx_word' id='word_1_313' title='bbox 937 4368 979 4435; x_wconf 82' lang='lat'><strong><em>2</em></strong></span> <span class='ocrx_word' id='word_1_314' title='bbox 1011 4387 1162 4435; x_wconf 82' lang='lat' dir='ltr'>rura</span> <span class='ocrx_word' id='word_1_315' title='bbox 1192 4404 1280 4414; x_wconf 86' lang='lat'>-—</span> <span class='ocrx_word' id='word_1_316' title='bbox 1311 4363 1690 4435; x_wconf 84' lang='lat' dir='ltr'>Thracia.</span> <span class='ocrx_word' id='word_1_317' title='bbox 1724 4365 1950 4436; x_wconf 82' lang='lat' dir='ltr'>Barth.</span> <span class='ocrx_word' id='word_1_318' title='bbox 1982 4366 2213 4458; x_wconf 88' lang='lat' dir='ltr'>Isingr.</span> <span class='ocrx_word' id='word_1_319' title='bbox 2246 4367 2504 4438; x_wconf 79' lang='lat' dir='ltr'>tertia</span> <span class='ocrx_word' id='word_1_320' title='bbox 2547 4368 2629 4436; x_wconf 83' lang='lat' dir='ltr'>ef.</span> 
     </span>
    </p>
   </div>
  </div>
 </body>
</html>
