3234 4967
624 336 722 385 178
1497 330 1784 395 Gonject.
1825 330 1893 381 V.

625 506 827 557 ratione
865 516 1141 556 revocare:
1171 505 1288 568 jure
1324 503 1546 568 sepulto
1582 502 1922 568 Mancipinm
1963 510 2037 554 tot
2062 518 2224 567 regua
2251 502 2428 554 tenet“
2465 501 2644 568 (quale
2663 504 2772 569 qui-

628 592 743 643 dem
791 590 1095 655 mancipium
1142 588 1415 639 ‘crimine
1468 588 1797 653 sepultum
1834 588 2084 639 Prudent.·
2123 587 2357 640 cathem.
2400 590 2440 641 1.
2481 590 2546 640 37
2599 581 2774 639 dicere

629 674 813 740 licuit).
887 674 1126 725 Lucretio
1163 682 1362 735 autem,
1400 688 1432 722 a
1467 688 1569 739 qno
1606 682 1811 739 sumpta
1849 688 1962 724 esse
1999 674 2130 738 sugit
2162 674 2548 725 Lachmaunum
2587 691 2640 739 p„
2671 676 2773 727 425

628 761 722 811 illa
760 761 865 809 luc.
902 758 1047 823 Eleg.
1086 760 1151 809 de
1188 758 1400 811 Fortun.
1442 758 1628 813 Viciss,
1667 760 1766 811 129
1805 756 1988 823 (Anth.
2015 758 2128 815 Lat,
2154 756 2421 824 111‚106):
2458 758 2773 810 Sordibus

630 854 683 896 et
718 845 881 895 multo
918 844 1096 894 similis
1133 844 1375 909 squalore
1412 844 1756 909 sepultis,“
1803 844 2104 894 subnectere
2150 844 2273 894 licet
2309 842 2573 895 Sidonium
2611 844 2775 909 Apol-

626 932 873 989 linarem,
927 930 1014 995 qui
1051 944 1181 994 quos
1224 943 1431 993 campos
1478 934 1729 991 „tectos
1774 924 2044 994 insepultis
2099 929 2342 980 ossibns“
2379 929 2578 981 Plinius
2631 929 2775 989 dixit,

627 1016 926 1082 sepultos
964 1015 1189 1075 caede,
1226 1014 1523 1079 sepultos
1560 1014 1814 1065 ossibus
1851 1014 2148 1077 insepultis“
2187 1015 2362 1064 retulit
2397 1012 2574 1065 Savar.
2612 1014 2772 1079 Epist.

628 1102 729 1153 111.
765 1103 795 1151 2
832 1116 878 1165 p.
910 1100 1020 1151 -184
1068 1106 1121 1149 et
1156 1096 1323 1149 Carm.
1364 1098 1481 1151 vn.
1522 1099 1624 1151 415
1660 1116 1710 1163 p.
1752 1101 1862 1149 101.
1948 1100 2129 1165 Itaque
2179 1099 2542 1165 Parthenopen
2583 1099 2776 1150 Statius

628 1188 779 1238 finxit
816 1186 1101 1237 recentibus
1137 1184 1388 1235 Vesuviui
1421 1172 1652 1235 incendii
1689 1182 1757 1245 (v,
1786 1186 1902 1236 205.
1939 1182 2000 1234 cf.
2029 1181 2233 1239 Sueten,
2276 1185 2380 1239 Vit.
2403 1186 2532 1235 Plin.
2574 1202 2624 1250 p.
2651 1186 2774 1237 997:

628 1274 677 1322 vi
714 1272 1011 1337 pulveris
1038 1286 1097 1319 ac
1120 1266 1392 1319 favillae
1422 1268 1753 1333 oppressus)“
1773 1270 2001 1333 vestigiis
2026 1270 2096 1318 ita
2123 1269 2386 1334 insignem,
2424 1280 2483 1321 ut
2505 1282 2556 1321 et
2580 1270 2772 1321 vultum

628 1359 843 1424 pulvere
880 1352 1479 1419 deformem-praeferret
1520 1362 1573 1403 et
1621 1368 1840 1405 comac-
1888 1354 2223 1418 squallore
2271 1354 2468 1419 (Heius.
2507 1363 2560 1406 et
2596 1358 2771 1407 Burm.

630 1442 899 1495 Claudian.
938 1440 997 1491 B.
1026 1438 1159 1493 Gild.
1198 1440 1297 1491 408
1335 1456 1383 1504 p.
1422 1437 1549 1502 232)
1587 1445 1641 1490 et
1675 1440 1972 1490 sordibus
2009 1440 2174 1491 obsita
2212 1447 2373 1502 esset,
2421 1449 2480 1491 ut
2513 1449 2592 1493 est
2632 1442 2778 1507 apud

631 1528 829 1579 Livium
870 1523 1053 1591 (Drak.
1090 1526 1161 1575 11.
1200 1523 1281 1584 23,
1318 1524 1349 1574 3
1387 1540 1437 1589 p.
1478 1522 1601 1588 190)
1640 1532 1693 1573 et
1729 1526 1964 1576 Tacitum
2003 1526 2140 1575 Anu.
2173 1524 2275 1577 1v.
2303 1528 2366 1577 28
2405 1526 2468 1575 cf.
2509 1524 2770 1579 Seu-Tro.

632 1615 723 1666 85:
759 1612 859 1663 Per
893 1611 1031 1661 colla
1066 1610 1226 1659 fluant
1246 1609 1447 1659 Moesta
1484 1609 1712 1673 capilli
1750 1612 1972 1675 tepido
2009 1611 2201 1674 TroJae
2238 1612 2504 1677 pulvere
2540 1619 2778 1675 turpes.

634 1694 761 1751 1'01:
798 1696 1098 1761 Spar-sitque
1135 1694 1301 1744 cinis
1335 1692 1638 1744 fervidus
1676 1693 1839 1745 ors.“
1912 1694 1994 1745 Ea
2027 1703 2198 1755 autem
2235 1696 2460 1769 cinerum
2497 1698 2602 1747 sive
2639 1694 2780 1745 asfla-

632 1789 797 1834 tarum
832 1780 1055 1831 sordium
1092 1778 1284 1828 mentio
1322 1778 1503 1843 quibus
1544 1780 1731 1829 erroris
1767 1779 1930 1829 modis
1968 1780 2252 1831 oblitterari
2294 1764 2482 1846 coepta
2521 1782 2613 1842 sit,
2635 1758 2779 1831 ‘'i‘nii'e

609 1844 967 1923 ἶὶἶῖἷωειιίυῃ
1006 1864 1145 1929 quod
1170 1873 1221 1913 et
1243 1863 1567 1913 librariorum
1592 1864 1780 1926 vulgus
1805 1878 2102 1928 persuasum
2127 1865 2284 1915 habet
2307 1868 2515 1917 sordes
2540 1866 2778 1927 valuisse,

632 1968 734 2005 non
774 1952 995 2001 sordem
1034 1946 1158 2014 (qno
1199 1964 1315 1999 usos
1352 1948 1630 2013 reperimus
1668 1942 1910 1999 Plautum
1936 1948 2095 2001 Poen.
2117 1950 2158 2001 1.
2186 1952 2232 2011 2,
2259 1953 2352 2001 101
2391 1959 2444 2001 et
2479 1966 2608 2016 quos
2645 1966 2780 2003 com-

633 2035 933 2095 memoravit
966 2034 1307 2083 Marklandus
1347 2033 1411 2082 V.
1452 2036 1497 2094 1,
1537 2035 1637 2085 219
1674 2050 1723 2099 p.
1761 2034 1877 2093 354,
1923 2034 2220 2085 Lucretium
2257 2035 2289 2085 l.
2331 2037 2382 2085 d.
2421 2044 2474 2085 et
2507 2036 2779 2087 Horatium

632 2123 793 2188 Epist.
832 2122 873 2171 Ι.
915 2122 962 2180 2,
1000 2120 1065 2171 53
1102 2119 1527 2184 Macrobiumque
1566 2118 1632 2167 V.
1675 2120 1752 2178 13,
1791 2127 1995 2183 praeter
2039 2120 2133 2167 hos
2169 2120 2454 2185 Apulejum
2498 2121 2531 2171 1.
2567 2123 2616 2175 d.
2654 2114 2780 2171 'Am-

632 2208 855 2259 brosium
892 2222 974 2271 ap.
1015 2203 1139 2255 Bed.
1177 2205 1239 2253 de
1278 2202 1517 2267 Orthogr.
1554 2220 1601 2268 p.
1641 2204 1792 2256 2345.
1846 2202 2179 2273 Aldhelmum
2217 2204 2554 2271 Gastrimarg.
2591 2222 2640 2271 p.
2662 2207 2781 2258 866.

634 2292 794 2345 Gron.
833 2288 983 2349 Obss.
1012 2289 1151 2339 Eccl.
1176 2288 1369 2339 XXIII
1404 2304 1453 2353 p.
1476 2289 1603 2341 254:
1641 2288 1824 2339 molles
1861 2290 2052 2339 sorde
2091 2290 2330 2341 cinaedos
2371 2318 2432 2327 --
2469 2292 2644 2343 vitium
2671 2307 2781 2342 car-

633 2378 714 2429 nis
740 2376 941 2441 polluta
976 2372 1247 2438 sorde“)
1284 2382 1336 2424 et
1360 2373 1654 2443 saepissime
1681 2374 2076 2425 controversiam
2112 2374 2306 2425 faciunt
2335 2392 2489 2428 voces
2515 2385 2783 2429 montem:

634 2470 877 2513 mortem
913 2460 1032 2512 Seu.
1071 2453 1263 2509 Phoenss
1304 2461 1383 2513 31.
1424 2458 1633 2523 Coripp.
1672 2460 1759 2512 «10.
1799 2458 1895 2510 IV.
1935 2459 2033 2510 703
2071 2455 2155 2523 (cf.
2195 2462 2264 2511 40
2299 2463 2610 2514 montibus:
2655 2479 2784 2513 mo-

637 2546 820 2619 ribus).
856 2553 1137 2597 montem:
1176 2554 1423 2595 mentem
1460 2542 1583 2593 Silv.
1623 2544 1722 2594 111.
1765 2546 1810 2605 1,
1852 2537 1962 2595 116.
2003 2553 2277 2601 mentem:
2327 2555 2584 2609 martem,
2621 2564 2796 2599 mor-⁴

639 2640 739 2683 tem
780 2630 1049 2683 claudian.
1072 2630 1133 2679 B.
1162 2628 1295 2679 Gna.
1325 2631 1423 2681 252
1462 2630 1609 2679 codd.
1649 2645 1695 2694 p.
1719 2632 1834 2680 811.
1873 2638 2077 2680 mente
2113 2631 2158 2680 B
2211 2613 2334 2683 Gen
2369 2634 2432 2685 85
2471 2630 2782 2687 codem-th.

638 2726 849 2769 morte.
888 2726 1113 2765 mette:
1152 2720 1343 2763 mente
1380 2712 1509 2767 Stat.
1548 2714 1579 2767 1.
1622 2713 1852 2785 Conject.
1891 2715 1971 2765 IV
2009 2718 2057 2766 d.
2095 2713 2185 2778 (ef.
2223 2725 2496 2769 mentem:
2533 2718 2786 2769 frontem

640 2802 915 2856 claudian.
954 2800 1101 2850 Mall.
1141 2800 1257 2851 245.
1306 2797 1581 2849 frontem:
1627 2808 1844 2850 sortem
1883 2800 2029 2853 Eutr.
2064 2802 2180 2852 422.
2218 2812 2414 2868 parte:
2460 2810 2630 2853 sorte
2667 2802 2786 2854 Seu.

640 2890 741 2953 Ag.
784 2886 924 2951 103).
964 2892 1185 2936 sortem
1234 2882 1397 2949 (quod
1434 2883 1585 2935 facile
1621 2887 1747 2935 verti
1785 2886 1840 2935 in
1875 2888 2121 2936 sordem
2157 2888 2458 2952 intelligitur
2495 2902 2564 2939 ex
2611 2889 2786 2941 adnot.

640 2974 822 3038 Eclog.
862 2988 904 3024 v.
944 2972 1007 3022 38
1046 2986 1095 3035 p.
1116 2968 1232 3029 61):
1272 2978 1507 3020 mortem
1546 2970 1732 3021 Heius.
1771 2970 1906 3021 Adv.
1945 2970 1988 3022 1.
2026 2973 2056 3023 5
2091 2973 2245 3036 p.45.
2285 2974 2346 3023 18
2384 2990 2432 3038 p.
2458 2975 2570 3025 189.
2609 2973 2784 3025 Burm.

514 3101 531 3116 .
640 3060 835 3109 Lucan.
876 3055 999 3111 v11.
1038 3056 1137 3107 309
1174 3057 1343 3121 p.482
1381 3064 1431 3107 et
1466 3056 1561 3106 lx,
1598 3057 1697 3107 763
1733 3072 1780 3121 p.
1804 3056 1918 3109 665.
1956 3056 2116 3108 Drak.
2145 3056 2256 3111 ων.
2294 3056 2390 3112 lx,
2432 3060 2593 3111 19.11
2617 3045 2784 3125 μἰεε

644 3142 848 3209 (quibus
885 3142 1013 3192 locis
1062 3141 1187 3191 libet
1238 3141 1487 3213 subjicere
1524 3142 1872 3193 Claudiani
1924 3156 2128 3191 versum
2168 3141 2251 3192 IV
2287 3140 2441 3194 Cous.
2481 3144 2614 3195 Hon.
2655 3146 2786 3197 636.-

639 3230 773 3279 Ister
811 3226 1123 3291 sanguineos
1158 3228 1262 3291 egit
1302 3236 1349 3275 te
1382 3228 1590 3277 consule
1630 3227 1892 3277 montcs“
1930 3228 2346 3292 pervagatissimo
2369 3229 2511 3290 vitio,
2549 3237 2608 3279 ut
2629 3237 2785 3280 testa-

640 3322 723 3363 tur
758 3311 1084 3361 Burmannus
1120 3310 1267 3361 Ovid.
1305 3312 1431 3366 Met.
1468 3311 1626 3363 XIII.
1663 3313 1763 3363 954
1799 3328 1846 3375 p.
1887 3312 1988 3363 930
2023 3320 2072 3362 et
2109 3312 2300 3363 Lucan.
2336 3314 2430 3363 IV.
2461 3317 2556 3365 117
2592 3331 2642 3379 p.
2668 3316 2782 3367 238.

641 3396 761 3450 add.
798 3397 967 3447 Theb.
1006 3382 1189 3450 Purad.
1228 3397 1299 3447 11.
1322 3401 1418 3463 Sp.
1440 3398 1555 3458 244,
1594 3398 1668 3447 sic
1705 3398 2056 3447 eximendum:
2094 3400 2198 3462 egit
2231 3405 2284 3449 te
2321 3399 2534 3449 consule
2569 3400 2786 3449 fontes

645 3483 709 3535 cf.
748 3482 911 3535 Theb.
949 3483 1138 3535 Parad.
1179 3484 1247 3534 11.
1286 3486 1317 3535 6
1354 3500 1401 3549 p.
1444 3482 1577 3546 199).

776 3570 875 3621 Ilic
912 3584 1032 3619 vero
1069 3569 1181 3634 ipsa
1218 3568 1465 3619 Vesuvini
1501 3568 1722 3618 incendii
1767 3568 1958 3618 mentio
1995 3584 2158 3634 prope
2203 3570 2341 3634 cogit
2385 3585 2475 3619 uos
2519 3570 2586 3619 ad
2631 3571 2786 3619 inter·
2820 3548 2826 3557 ⁸

642 3655 937 3721 ponendum
976 3670 1089 3704 eum
1116 3653 1368 3705 Silvarum
1406 3654 1593 3715 locum,
1632 3668 1732 3717 quo
1767 3668 1874 3703 non
1908 3662 1984 3704 est
2019 3654 2180 3717 majus
2217 3655 2576 3706 documentum
2602 3654 2790 3706 frustra

592 3789 601 3800 ,
638 3741 979 3792 laborantium
1034 3746 1125 3789 aut
1176 3739 1356 3789 leviter
1408 3738 1794 3809 defungentium
1845 3740 2199 3804 interpret-nm.
2286 3740 2462 3790 Verba
2510 3741 2641 3789 enim
2665 3762 2671 3767 ·
2695 3740 2790 3789 illa

593 3804 601 3886 ζ
641 3826 739 3877 w.
775 3828 825 3888 4,
864 3828 953 3878 83:
1348 3874 1359 3881 ,
1722 3813 1726 3817 ’

592 3896 599 3939 ῗ
1006 3910 1151 3963 Infra
1186 3912 1336 3961 urbes
1373 3909 1698 3975 populosque
1734 3910 1896 3975 premi
1933 3912 2268 3976 proavitaque
2305 3916 2414 3960 toto
2497 3946 2516 3963 .

1003 3998 1147 4047 Rura
1182 3998 1425 4048 abiisse
1460 3998 1617 4047 mari

594 4054 601 4083 Σ
640 4082 721 4131 his
758 4082 1063 4133 Duebnerus
1099 4100 1147 4149 p.
1173 4083 1271 4133 276
1310 4082 1404 4133 sibi
1442 4082 1578 4133 visus
1619 4089 1699 4133 est
1733 4080 2022 4133 defendisse
2057 4089 2210 4148 atque
2248 4080 2609 4147 explicavisse:
2646 4081 2788 4132 Rura
2827 4086 2834 4093 ‘

642 4180 773 4232 quae
809 4167 905 4216 sita
941 4175 1058 4217 sunt
1094 4176 1207 4219 toto
1242 4169 1334 4219 illo
1373 4175 1538 4217 tractu
1574 4168 1833 4218 maritimo
1870 4168 1954 4217 vel
1987 4168 2138 4217 litore
2176 4167 2311 4217 circs
2333 4166 2634 4219 Vesuvium.
2686 4167 2786 4217 Te-

642 4266 779 4303 mere
818 4248 1006 4307 Markl.
1046 4253 1173 4303 haec
1209 4270 1301 4318 pro
1341 4253 1590 4319 corruptis
1628 4253 1857 4305 habuit.“
1928 4251 2134 4303 Scilicet
2167 4252 2264 4303 hoc
2319 4258 2397 4304 est
2449 4254 2516 4302 ad
2559 4252 2672 4317 ipsa
2727 4267 2789 4301 ea

642 4336 725 4386 vel
760 4337 964 4388 sublato
1001 4340 1221 4389 auctoris
1260 4340 1461 4389 nomine
1498 4340 1706 4401 revolvi,
1746 4354 1877 4405 quae
1913 4354 1946 4387 a
1981 4336 2239 4389 Gronovio
2265 4340 2442 4389 *Diatn
2481 4354 2532 4403 p.
2552 4338 2664 4389 419Δ
2689 4352 2784 4389 ex-
