3234 4967
1283 406 1652 460 Adnot70.
2411 402 2538 469 115

389 611 689 677 tellure
736 615 1023 700 jaceret,
1054 612 1287 679 'Molle
1358 614 1555 700 sup'er
1615 610 1827 677 silices
1873 612 2256 697 imposuere·
2295 612 2550 697 caputf‘·

388 717 499 805 (cf.
524 719 703 783 ,Met
742 719 934 783 VIII.
982 718 1143 806 422)
1189 718 1515 807 Pliniique
1574 719 1656 783 N.
1701 718 1783 781 H.
1821 717 1973 781 VH.
2005 717 2302 781 Prooem.
2351 717 2414 779 2.
2462 719 2536 782 3:

387 824 761 907 „hominem
806 834 1061 891 tantum
1106 824 1353 889 nudum
1401 835 1468 889 et
1512 826 1581 888 in
1641 824 1850 889 nuda
1896 823 2128 887 humo
2175 822 2380 887 natali
2426 823 2534 887 die

388 930 690 1018 abjicit
736 930 823 995 ad
868 932 1131 1016 vagitus
1176 932 1393 996 statim
1429 940 1493 995 et
1524 930 1852 1017 ploratum
1883 970 1972 979 —-
2001 929 2224 1015 itaque
2257 926 2538 993 feliciter

386 1046 617 1101 natus
652 1038 929 1124 jacet“
968 1037 1048 1101 cf.
1084 1036 1373 1101 Martial.
1408 1037 1628 1123 Spect.
1668 1036 1770 1117 14,
1806 1037 1876 1100 3:
1909 1036 2173 1122 jacuit
2204 1039 2542 1122 par-tus“

388 1141 579 1229 (quos
604 1141 783 1207 locos
808 1144 1291 1229 praeterierunt
1314 1143 1425 1230 qui
1451 1142 1609 1229 quid
1643 1150 1816 1205 esset
1847 1150 1922 1205 te
1941 1164 2021 1205 r‘r
2038 1162 2154 1205 am
2184 1152 2536 1225 tangere

388 1246 878 1313 edisseruerunt
910 1248 1303 1335 Salvagnius
1351 1248 1391 1314 l.
1444 1248 1507 1313 d.
1554 1272 1619 1335 p.
1655 1248 1741 1312 52
1774 1271 1867 1335 sq.
1903 1248 2290 1311 Bernartius
2325 1247 2533 1312 Theb.

386 1353 439 1417 Ι.
488 1354 574 1417 60
618 1377 683 1441 p.
732 1354 793 1419 8.
842 1355 917 1418 Β.
969 1355 1278 1420 Barthius
1325 1353 1668 1422 Claudian.
1716 1353 1835 1418 IV.
1884 1354 2056 1417 Hon.
2098 1353 2220 1417 127
2270 1376 2334 1439 p.
2382 1352 2533 1418 586.

386 1459 814 1546 Dempsterus
861 1461 1007 1525 Ruf.
1056 1459 1098 1525 l.
1148 1461 1210 1525 d.
1260 1484 1324 1547 p.
1372 1458 1487 1549 37)
1524 1469 1589 1523 et
1623 1460 1832 1544 magis
1865 1459 2284 1545 perspicuum
2318 1459 2534 1524 facere

392 1566 883 1651 comparatione
932 1587 1186 1649 eorum,
1256 1566 1371 1653 qui
1427 1586 1656 1629 recens
1715 1574 1908 1629 natos
1967 1564 2276 1629 dixerunt
2323 1576 2390 1629 et
2437 1588 2536 1629 ex

386 1680 670 1754 matre,
743 1672 828 1735 ab
884 1670 1063 1755 alvo7
1124 1690 1208 1735 ex
1265 1673 1463 1737 corde
1525 1672 1817 1758 parentis
1886 1672 2102 1736 fusos
2174 1680 2240 1735 et
2299 1672 2534 1735 humo

385 1778 419 1842 f
426 1800 615 1841 usos
660 1778 887 1841 Heins.
958 1777 1271 1843 Prudent.
1344 1776 1644 1843 Cathem.
1705 1778 1808 1843 lv.
1863 1778 1945 1841 10
1992 1800 2055 1864 Ρ.
2110 1777 2251 1840 106.
2305 1776 2534 1841 Arntz.

388 1882 606 1948 Sedul.
657 1883 739 1947 V.
786 1882 875 1945 55
920 1906 981 1969 p.
1034 1884 1159 1947 211
1213 1893 1279 1948 et
1339 1882 1602 1949 Arator.
1652 1884 1707 1946 I.
1772 1884 1898 1948 173
1955 1907 2014 1969 p.
2081 1884 2184 1947 73.
2298 1882 2535 1947 Utrum

388 1988 617 2053 horum
661 1988 913 2055 Statius
958 1990 1027 2052 in
1058 1988 1182 2051 hoc
1212 1988 1357 2054 loco
1390 1989 1757 2075 sumpserit,
1806 1990 2170 2055 certissimo
2205 1985 2543 2072 colligitur

386 2094 633 2159 indicio
682 2095 1107 2182 optimorum,
1168 2084 1333 2181 quos
1378 2116 1577 2179 supra
1623 2094 2134 2178 nominavimus,
2181 2092 2531 2179 librorum3

387 2200 545 2289 quid
590 2202 763 2265 enim
811 2199 945 2264 his:
993 2197 1296 2265 tellure
1334 2201 1795 2287 jacentem“
1825 2238 1914 2247 ——
1945 2198 2103 2263 nihil
2152 2200 2325 2263 enim
2357 2222 2536 2264 cura-

388 2328 531 2371 mus
580 2306 947 2388 Queckium
994 2306 1139 2391 ipsa
1168 2304 1313 2369 illa:
1360 2302 1660 2368 tellure
1709 2304 2141 2369 cadentem
2173 2304 2534 2391 Adspexi

382 2434 515 2475 non
548 2411 879 2498 explicata
910 2410 1280 2497 amplexum
1312 2448 1401 2458 —-
1428 2408 1633 2475 verbo
1683 2410 1975 2497 adspic
1995 2410 2214 2475 iendi
2262 2413 2534 2497 propius

387 2527 453 2583 et
501 2516 921 2605 adjunctius?
970 2515 1083 2604 (cf.
1130 2516 1291 2581 Eur.
1338 2516 1489 2582 Jon.
1540 2515 1648 2579 40.
1697 2516 1808 2590 43·
1862 2516 2100 2617 Ὄφιν
2163 2520 2246 2591 οὲ
2301 2510 2533 2613 7500<-

380 2626 805 2722 βαλοῦσα
860 2624 1085 2722 νηπίῳ
1144 2625 1388 2697 τέκνω.
1509 2637 1716 2705 Theb.
1791 2639 1900 2702 Ν.
1974 2638 2128 2703 752:
2201 2638 2534 2727 adspice

391 2750 645 2807 moesta
689 2742 1038 2827 Agmina.“
1098 2742 1185 2805 V.
1244 2742 1461 2807 Schol.
1522 2766 1588 2830 p.
1652 2743 1850 2807 1246:
1921 2744 2282 2833 adspice)
2351 2746 2537 2809 mise-

386 2853 605 2913 rere.“
679 2848 798 2912 ΙΙΙ.
877 2849 1041 2913 697:
1113 2850 1469 2937 generique
1541 2851 1924 2936 jacentis
1991 2851 2352 2938 Adspice
2429 2872 2534 2914 res

386 2954 728 3019 humiles.“
782 2952 827 3015 V
838 2958 907 3019 ll.
956 2956 1070 3019 32:
1121 2955 1577 3043 adspiciam
1625 2966 1836 3021 terras
1883 2980 2237 3045 pacemque
2285 2956 2544 3045 jubebo

388 3060 776 3127 OmnibuS.“
818 3061 1008 3146 Virg.
1056 3060 1225 3126 Aen.
1273 3062 1347 3124 ΙΙ.
1397 3062 1555 3128 6902
1602 3064 1906 3149 precibus
1950 3066 2002 3128 si
2033 3064 2318 3128 flecteris
2365 3061 2533 3144 ullis,

310 3194 319 3203 ·
385 3165 685 3255 Adspice·
718 3165 932 3256 nos“).
1027 3166 1151 3231 His
1198 3176 1416 3232 autem
1464 3168 1718 3248 verbis:

1102 3290 1664 3359 tfflhweJacentent

696 3376 991 3445 Adspsxi

390 3475 857 3563 postliminium
888 3486 1261 3565 promptum
1308 3487 1742 3565 paratumque
1791 3499 1934 3543 esse
1981 3479 2124 3564 quis
2159 3481 2298 3566 jam
2345 3498 2539 3563 nega-

397 3584 569 3648 verit
613 3579 1002 3671 praesertim
1049 3584 1433 3649 recordatus
1481 3583 1707 3650 Ovidii
1754 3584 1914 3649 Met.
1962 3584 2113 3649 ΧΙΙ.
2163 3585 2278 3649 2οε
2337 3586 2538 3672 Troja

388 3689 643 3755 cadet.
690 3690 878 3754 Leid.
916 3692 1150 3778 jacet
1204 3690 1284 3753 cf.
1347 3690 1577 3754 Heius.
1643 3688 1755 3755 Sil.
1813 3689 2006 3754 XIII.
2068 3688 2198 3753 469
2255 3712 2320 3776 Ρ.
2382 3690 2532 3753 666.

388 3792 568 3860 Cort.
616 3796 863 3860 Lucan.
912 3796 992 3859 ΙΙ.
1042 3796 1127 3860 26
1175 3819 1238 3883 Ρ.
1306 3794 1432 3859 185
1494 3792 1643 3882 sq.‘?
1711 3794 1812 3860 Ac
1859 3796 2087 3882 quaeri
2133 3803 2378 3883 potest,
2453 3818 2534 3859 an

386 3902 453 3965 in
500 3901 706 3966 altero
756 3903 973 3984 etiam,
1023 3924 1215 3988 quem
1260 3924 1457 3988 supra
1505 3898 1710 3983 attuli,
1745 3899 1934 3967 Statii
1966 3900 2120 3982 loco„
2157 3902 2211 3966 Ι.
2261 3903 2323 3985 2,
2378 3902 2536 3967 109:
2573 3894 2602 3973 l

384 4006 691 4073 tellure
722 4004 1142 4073 cadentem
1172 4006 1495 4094 Excepi
1518 4007 1782 4094 fovique
1809 4009 1999 4071 sinu“
2027 4008 2221 4071 scribi
2246 4016 2538 4095 praestet

384 4114 689 4178 tellure
727 4117 1143 4201 jacentem
1188 4113 1584 4201 Suscepi“
1637 4112 1745 4179 vel
1792 4114 2043 4200 potius:
2115 4114 2208 4179 de
2277 4124 2536 4181 matre

387 4220 729 4286 cadentem
776 4220 1100 4307 Excepi,“
1153 4216 1408 4284 Valerio
1457 4218 1698 4284 Flacco
1747 4229 1963 4285 autem
2011 4220 2062 4283 I.
2124 4220 2285 4285 355:
2345 4242 2535 4308 quem

385 4336 643 4392 matre
691 4335 1101 4392 carentem
1166 4326 1492 4391 Cristatus
1549 4326 1811 4411 gemino
1873 4326 2037 4390 fovit
2097 4337 2286 4413 pater
2347 4349 2536 4391 amne

386 4432 737 4499 Cometes“
787 4441 1007 4520 spreta
1051 4431 1308 4499 Barthii
1357 4433 1763 4498 correctione
1785 4458 1798 4499 z
1846 4454 1881 4497 c
1897 4455 1938 4497 a
1951 4433 1996 4499 d
2009 4456 2044 4497 e
2060 4457 2102 4497 n
2117 4443 2145 4498 t
2161 4456 2195 4498 e
2211 4457 2294 4514 m,
2344 4454 2540 4520 quam

2015 4541 2047 4593 8
2066 4539 2088 4565 0
