3234 4967
1304 416 1589 479 Conject.
1624 416 1665 469 1.
1907 378 1913 383 Π
2316 404 2323 411 ’
2455 418 2554 467 159

416 588 608 654 templa
660 596 871 639 vocatae
922 587 1223 652 Thyades
1270 616 1334 625 —-·
1383 595 1636 649 amenteS,
1689 589 1912 653 gaudent
1962 588 2281 639 lamenta“
2341 597 2393 639 et
2429 592 2553 641 22οε

413 676 603 736 „Vadit
638 682 792 725 atrox
810 675 937 729 visu,
959 700 1019 709 ———
1061 674 1201 724 velut
1234 676 1426 739 rapitur
1462 700 1525 711 ·-
1563 676 1690 725 Dux
1723 688 1914 723 vesana
1950 672 2154 736 ehori“)
2191 673 2256 725 cf.
2279 674 2384 727 Sin.
2405 675 2500 726 vl.
2523 678 2554 727 3

412 778 461 826 p.
502 762 599 810 142
636 768 744 809 not.
780 761 939 809 44-et
974 758 1205 810 Sila-v,
1245 761 1291 819 3,
1330 760 1423 810 66:
1470 759 1970 822 „obstantesque
2008 774 2219 809 manus
2256 761 2555 824 turbamque
2631 785 2640 799 ³

417 854 675 896 tenentem
712 840 987 893 Vincit“
1026 852 1075 893 et
1111 842 1385 893 Claudiani
1423 844 1483 893 L.
1522 843 1697 893 Sei-en.
1741 845 1866 894 153:
1914 858 2116 908 prona
2161 859 2346 893 ruens
2384 845 2553 911 Capa-

414 932 531 983 neia
568 930 807 993 conjux,“
846 928 1140 994 comparat-i
1164 920 1319 991 igitur
1335 927 1681 977 Philostratus
1707 936 1760 977 et
1778 927 1970 978 Statius
1993 929 2254 993 praeclare
2290 931 2387 995 ipsi
2423 926 2556 981 inter

414 1031 469 1065 se
504 1015 905 1081 patrocinantur.
974 1013 1083 1063 Nec
1118 1029 1241 1062 vero
1270 1012 1377 1077 jam
1416 1020 1467 1061 et
1502 1014 1782 1062 sententiae
1821 1020 1875 1061 et
1908 1014 2174 1063 verborum
2217 1015 2554 1078 integritatem

416 1101 487 1149 sic
526 1100 812 1150 restitutam
849 1099 1095 1157 arbitror,
1149 1099 1190 1147 si
1243 1097 1446 1162 sequuti
1486 1096 1780 1147 Gevartium
1835 1099 2212 1163 scripserimus:
2266 1100 2370 1161 „Et
2403 1115 2554 1163 quam

419 1182 592 1250 (qnam
634 1185 773 1234 saevi
789 1182 831 1247 l)
866 1185 1095 1234 fecerunt
1128 1184 1388 1233 Maenada
1425 1182 1724 1247 plarctus,“
1771 1190 1858 1231 aut
1893 1184 1964 1232 sic
2009 1188 2205 1243 statuo,
2259 1191 2314 1232 ut
2356 1185 2556 1245 saevi,

415 1272 631 1319 scaevi
671 1267 790 1333 (hoc
827 1270 957 1319 enim
994 1276 1135 1318 tenet
1170 1266 1587 1331 Rehdigeranus,
1642 1274 1698 1315 ut
1735 1274 1950 1317 testatur
1985 1266 2238 1330 Silligius‚
2292 1284 2392 1317 non
2432 1270 2553 1317 item

414 1355 683 1414 Imhoflus,
730 1363 781 1404 et
816 1354 961 1403 Rom.
1001 1353 1169 1412 editio,
1206 1352 1269 1401 de
1306 1366 1407 1415 qua
1452 1366 1557 1401 non
1602 1353 2016 1401 commemoravit
2051 1349 2327 1416 Imhofius)
2380 1358 2554 1419 quem-

414 1440 683 1489 admodum
719 1439 770 1487 in
809 1438 975 1488 Palat.
1012 1452 1110 1489 sec.
1152 1439 1344 1507 Bersm.
1385 1436 1531 1489 Ovid.
1572 1436 1731 1486 Trist.
1768 1436 1839 1485 11.
1879 1438 1977 1487 383
2026 1437 2077 1486 in
2121 1437 2291 1487 locum
2340 1440 2556 1487 nominis

415 1524 692 1583 Canace,
728 1525 799 1573 ita
832 1524 915 1573 hie
950 1522 1213 1572 suffectam
1253 1522 1532 1571 existimem
1572 1536 1683 1571 esse
1719 1523 1771 1570 in
1807 1522 1976 1571 locum
2007 1523 2220 1573 nominis
2246 1523 2554 1573 Euadnen

415 1610 487 1659 sic
523 1609 643 1659 olim
680 1610 851 1673 scripti
889 1614 1053 1657 euafi
1090 1604 1262 1670 (Ovid.
1300 1606 1438 1656 Fast.
1476 1606 1570 1657 IV.
1608 1608 1736 1657 475:
1773 1606 2082 1673 Didymen.
2119 1606 2304 1659 Bavar.
2345 1610 2553 1659 didiffi.

415 1694 637 1746 Martial.
658 1694 783 1745 vn.
806 1694 885 1753 74,
904 1695 938 1743 4
963 1692 1235 1757 Paphien.
1265 1692 1409 1742 Leid.
1438 1690 1648 1755 Paphi)
1685 1691 1748 1740 εἰ.
1775 1692 2000 1741 Martial.
2020 1692 2115 1745 IV,
2139 1694 2219 1753 75,
2242 1696 2271 1744 5
2297 1694 2382 1742 Eu
2399 1710 2557 1745 anne

416 1780 677 1829 Woll'enb.
714 1780 930 1829 Euane
968 1778 1135 1827 Berol.
1172 1776 1425 1826 Wolsenb.
1472 1776 1560 1826 alt.
1596 1775 1745 1826 ovid.
1783 1776 1934 1829 Tuist.
1975 1777 2040 1833 V.
2070 1781 2116 1841 5,
2143 1780 2208 1829 54
2244 1781 2419 1830 Euan
2436 1795 2556 1831 nen

416 1863 585 1915 Guelf.
618 1866 771 1916 Bern.
812 1870 1119 1913 cuent-cen
1157 1860 1413 1912 Goth-ef.
1451 1862 1599 1926 Prop.
1631 1862 1728 1910 111.
1750 1864 1838 1921 -11,
1864 1864 1930 1912 24
1967 1860 2210 1928 Groning.
2251 1867 2555 1919 euandne.

415 1949 649 2015 Namque
684 1950 735 1999 id
770 1948 1009 2013 loquendi
1046 1962 1234 2011 genus,
1272 1949 1407 1995 unde
1443 1948 1595 1996 dueta
1631 1956 1750 1997 sunt
1783 1949 1884 1997 duo
1919 1948 2032 1999 illa:
2081 1949 2297 2001 Pelias
2340 1960 2390 2001 et
2426 1954 2557 2003 Me-

414 2035 657 2095 liboea,
705 2036 872 2084 obstat
913 2029 1184 2098 quominus
1221 2040 1515 2097 usurpatum
1552 2048 1583 2081 a
1617 2040 1773 2097 poeta
1807 2034 1959 2083 fuisse
1996 2036 2260 2086 credamus
2306 2031 2358 2087 id
2404 2053 2558 2087 voca-

418 2120 617 2181 bulum,
659 2135 768 2184 -quo
810 2120 1017 2184 proprio
1055 2119 1250 2168 soleret
1284 2118 1531 2183 appellari
1569 2133 1702 2167 uxor
1739 2117 1982 2183 Capanei.
2056 2119 2191 2181 Quin
2231 2123 2400 2186 potius
2445 2124 2560 2187 ipsa

419 2206 545 2253 haec
580 2205 686 2253 veri
723 2205 1013 2256 inveniendi
1041 2205 1123 2253 via
1146 2204 1346 2253 videtur
1371 2202 1696 2267 probabilior,
1734 2204 1774 2251 si
1803 2210 2020 2253 erratum
2058 2206 2283 2255 ‹licamus
2319 2222 2426 2257 esse
2464 2209 2558 2256 ali-

421 2290 541 2353 quid
576 2304 608 2338 a
628 2290 851 2338 librariis
876 2290 1035 2339 ductis
1062 2303 1216 2354 prava
1254 2288 1341 2337 illa
1379 2288 1750 2352 pronuntiandi
1779 2288 1968 2337 litteras
1994 2292 2374 2353 consuetudine,
2413 2292 2558 2355 cujus

422 2382 575 2426 testes
610 2382 729 2425 sunt
764 2390 917 2425 voces
955 2374 1072 2423 hinc
1108 2374 1501 2439 Pasiphaen:
1540 2373 1880 2437 passivum
1928 2372 2163 2439 (Quintil.
2201 2374 2350 2426 VIII.
2391 2380 2438 2438 3,
2477 2380 2571 2429 54.

419 2460 483 2514 cf.
522 2461 705 2511 Sched.
757 2468 913 2510 nostr.
958 2459 1170 2519 Quintil.
1210 2475 1257 2524 p.
1298 2458 1370 2523 3),
1409 2459 1684 2509 Phariae:
1723 2460 1914 2508 variae
1961 2460 2211 2521 (Martial.
2251 2462 2342 2511 IX.
2381 2466 2462 2524 35,
2503 2467 2532 2513 7
2545 2443 2569 2513 τἶ

418 2547 655 2596 Phario
692 2548 901 2596 madeat
924 2545 1073 2596 Jove.
1115 2544 1283 2595 Palat.
1322 2560 1393 2593 va
1408 2545 1499 2595 rio.
1536 2546 1710 2593 Burm.
1736 2544 1881 2608 Elcg‚
1921 2544 1984 2594 de
2009 2544 2200 2595 Phoen.
2223 2548 2288 2597 93
2313 2564 2362 2613 p.
2389 2547 2560 2612 1055),

420 2632 812 2696 Delphicae:
864 2631 1092 2680 deviae
1148 2628 1402 2694 (Conject.
1438 2625 1649 2692 XVII),
1704 2629 1820 2677 inde
1873 2630 2205 2694 Iphicrates:
2259 2605 2580 2697 Epigratesi

422 2714 566 2781 (sen.
604 2718 735 2767 Exc.
774 2716 1018 2766 Controv.
1046 2717 1076 2766 5
1114 2731 1164 2779 p.
1192 2715 1310 2773 405,
1349 2716 1425 2763 10.
1450 2710 1556 2777 21),
1594 2714 1845 2763 Aetolia:
1882 2710 2058 2776 Italia,
2094 2720 2346 2770 Aeacus:
2382 2697 2581 2772 Jaeus}

420 2804 597 2853 Heius.
638 2803 773 2852 Λᾶν.
811 2798 908 2850 111.
948 2803 978 2849 2
1015 2816 1065 2865 p.
1101 2802 1219 2851 409.
1275 2794 1441 2848 Theb.
1476 2798 1542 2852 V.
1584 2802 1648 2849 78
1684 2798 1888 2849 Edonas
1923 2800 2128 2851 hiemes.
2167 2802 2233 2851 al.
2269 2786 2577 2855 Aedonias.f

419 2888 662 2939 Idonias.
728 2886 997 2935 Inarime:
1039 2885 1287 2935 Aenaria
1322 2880 1583 2949 (Conjeet.
1621 2884 1714 2948 V).
1752 2884 1981 2935 Haemo
2019 2884 2308 2949 (claudian.
2346 2888 2484 2942 Eutr.
2516 2890 2558 2939 1.

422 2972 570 3036 196):
614 2974 733 3021 imo
770 2968 1006 3033 (Oxou).
1079 2968 1328 3019 Aetnae
1373 2968 1460 3034 (R.
1499 2970 1642 3022 Pros.
1679 2970 1776 3022 111.
1817 2968 1934 3034 85):
1979 2970 2131 3021 Idae
2176 2970 2303 3034 (Ms.
2347 2974 2560 3037 Pulm.),

418 3058 768 3123 Iphimedia:
814 3055 1055 3105 Estimia
1103 3053 1298 3118 (Schol.
1338 3054 1532 3104 Lucan.
1569 3055 1665 3104 VI.
1702 3056 1805 3105 410
1840 3071 1887 3119 p.
1926 3053 2084 3119 461),
2130 3066 2348 3109 aestus:
2392 3060 2568 3121 ictus»,

418 3144 576 3208 ipsos
620 3140 838 3205 (Adnot.
877 3140 1056 3205 Eclog.
1105 3140 1266 3193 ultim.
1313 3156 1360 3191 v.
1400 3137 1504 3203 77),
1541 3140 1759 3205 pelicis
1795 3140 1912 3188 ira:
1958 3141 2142 3205 pelice
2181 3158 2359 3193 saeva
2402 3143 2559 3208 (Gre-

421 3244 541 3278 nov.
580 3227 693 3276 cod.
732 3224 881 3276 Ovid.
907 3225 1039 3274 Met.
1073 3220 1173 3279 IV.
1210 3222 1356 3289 235),
1403 3225 1644 3276 Onitae:
1680 3223 1912 3291 Olynthi
1949 3224 2314 3291 (Conjeet.11),
2352 3231 2603 3282 notatis*

420 3319 654 3362 notatae
693 3309 950 3375 (Conject.
987 3308 1162 3375 XVI).
1218 3308 1331 3371 Qua
1369 3310 1718 3374 exemplorum
1757 3311 2086 3361 contentione
2109 3312 2254 3363 facta
2279 3314 2423 3364 nobis
2449 3293 2570 3380 per-³¹

418 3398 667 3447 suasimus
712 3395 937 3461 syllabas
972 3394 1151 3459 hiphi
1206 3393 1337 3457 (hoc
1381 3396 1513 3445 enim
1562 3402 1611 3443 ct
1656 3394 1769 3445 aliis
1814 3396 2010 3461 placuit
2065 3403 2116 3446 et
2151 3397 2373 3449 Ciosano
2410 3377 2574 3452 Ovid.h

418 3483 567 3534 Trist.
606 3482 675 3533 V.
711 3483 792 3546 14,
830 3482 894 3530 38
931 3496 982 3545 p.
1008 3481 1107 3530 697
1145 3478 1209 3528 el'.
1253 3479 1381 3530 Met.
1424 3478 1547 3528 XII.
1591 3481 1718 3530 379:
1767 3480 2157 3546 Hiphiuoum)
2210 3484 2315 3533 sive
2369 3486 2562 3550 ciphi,

416 3568 511 3633 sip
531 3567 595 3615 hi
648 3564 1098 3630 (quemadmodum
1153 3580 1243 3629 pro
1288 3564 1538 3614 Himera
1599 3563 1750 3615 ovid.
1799 3564 1939 3616 Fast.
1978 3566 2076 3615 IV.
2124 3569 2226 3619 475
2278 3570 2331 3618 in
2385 3570 2559 3620 More·
2643 3584 2648 3589 ·

416 3659 535 3702 tano
588 3658 734 3701 extat
780 3648 1029 3711 Cimera,
1076 3659 1133 3700 ut
1175 3666 1265 3715 pro
1312 3649 1656 3715 Iphianassa
1693 3650 2022 3717 Cyriauassa
2067 3652 2209 3704 Serv.
2257 3655 2402 3719 Virg.
2448 3655 2560 3705 Ecl.

417 3737 510 3790 VI.
546 3740 612 3788 48
649 3752 699 3801 p.
742 3735 861 3801 137)
906 3737 1134 3787 detortas
1176 3752 1208 3785 a
1252 3736 1471 3786 librariis
1518 3751 1630 3786 esse
1677 3738 1742 3785 ad
1777 3736 1828 3785 id
1865 3734 2201 3799 vocabulum,
2250 3755 2350 3804 quo
2397 3740 2562 3791 notius

418 3821 611 3885 (Valer.
647 3822 819 3872 Flaec.
860 3821 931 3873 11.
972 3820 1095 3885 157)
1151 3829 1204 3871 et
1257 3823 1320 3871 ad
1372 3822 1511 3872 illius
1566 3823 1764 3887 generis
1816 3821 2202 3886 intelligentiam
2257 3840 2564 3890 sensumque

415 3908 841 3959 accommodatius
900 3906 1060 3956 fuisse
1116 3907 1309 3956 nullum
1363 3909 1668 3958 documento
1723 3914 1803 3957 est
1857 3907 2109 3957 Canace
2164 3923 2230 3957 ex
2285 3924 2344 3958 eo
2393 3908 2560 3961 Ovidii

414 3992 547 4052 loeo,
590 4007 739 4057 quem
780 4007 938 4056 supra
973 3993 1262 4052 attulimus,
1300 4006 1532 4042 scaevo
1576 3994 1770 4058 impetu
1815 3992 2061 4042 submota.
2134 3992 2254 4043 «Iam
2290 4010 2410 4045 vero
2447 3997 2560 4047 dico

414 4077 678 4142 iphitam
717 4077 834 4126 olim
873 4076 955 4125 hic
992 4084 1253 4127 exaratum
1291 4078 1445 4128 fuisse
1483 4079 1614 4128 illud
1651 4079 1854 4141 quidem
1891 4092 2060 4142 neque
2101 4094 2161 4127 ea
2186 4093 2366 4129 carens
2391 4094 2560 4145 repre-

418 4161 686 4222 hensione,
724 4178 825 4226 qua
859 4162 1104 4213 notabilia
1139 4169 1257 4213 sunt
1291 4162 1568 4214 Tri⁴onita
1603 4162 1720 4212 Put.
1747 4160 1907 4217 Voss.
1931 4163 2155 4215 Martial.
2181 4164 2276 4213 IV.
2300 4167 2344 4227 1,
2367 4165 2412 4217 5.
2461 4161 2562 4215 Ce-

416 4254 684 4312 cropetas
719 4246 889 4303 Oxou,
915 4247 1061 4301 Ovid,
1092 4247 1205 4303 Art.
1227 4246 1344 4299 Am.
1365 4247 1406 4297 I.
1432 4250 1543 4308 172,
1579 4263 1748 4312 neque
1784 4247 1886 4309 illa,
1925 4264 2076 4312 quam
2112 4248 2294 4314 recipit
2327 4249 2378 4298 id
2402 4264 2562 4313 genus

418 4332 484 4382 de
527 4346 629 4396 quo
669 4338 750 4382 est
784 4329 1090 4384 Castalidae
1125 4334 1326 4384 Paulin.
1352 4333 1517 4398 Epist.
1556 4335 1620 4382 ad
1645 4332 1842 4383 Auson.
1870 4335 1900 4382 2
1926 4348 1974 4397 p.
2005 4336 2120 4395 743,
2158 4333 2562 4393 Homoloidas,

417 4416 519 4466 alia
555 4432 637 4481 ap.
674 4416 891 4469 Munck.
928 4418 1061 4484 Hyg.
1099 4421 1166 4470 30
1201 4435 1249 4484 p.
1290 4421 1355 4470 84
1392 4416 1551 4471 Theb.
1586 4418 1771 4472 Parad.
1811 4417 1846 4472 1.
1884 4418 1932 4470 d.
1967 4434 2017 4483 p.
2057 4420 2171 4472 295.
2208 4420 2335 4479 4853
2381 4424 2438 4467 ut
2475 4434 2562 4483 ap-
