3234 4967
702 360 803 413 280
1531 358 1813 425 Conject.
1850 362 1971 413 XX.

702 532 750 593 9,
787 532 818 583 5
854 546 1006 583 mauu
1041 536 1284 583 exerta.
1351 530 1564 599 Portug.
1601 542 1804 585 extra.
1878 534 2075 598 Quibus
2111 536 2183 586 ita
2217 536 2489 604 propositis
2512 536 2665 588 simul
2698 537 2827 587 viam

699 616 1031 681 patefecimus
1099 618 1162 667 de
1221 612 1505 668 Manilio
1563 618 1633 668 V.
1691 621 1823 672 479:
1894 622 2209 672 Externis
2282 629 2458 672 tamen
2526 629 2669 673 actus
2738 622 2830 671 erit

702 717 835 753 nunc
871 717 998 753 voce
1041 704 1228 768 poetis,
1285 701 1436 753 Nunc
1490 704 1649 755 tacito
1684 705 1865 770 gestu“
1926 707 2082 773 longe
2131 707 2476 772 probabiliora
2518 707 2825 773 proferendi,

701 804 851 853 quam
889 803 1018 852 quae
1055 788 1280 841 Jacobus
1317 806 1368 855 p.
1408 791 1504 843 185
1541 790 1731 841 suasit:
1778 792 1891 843 His
1929 793 2156 843 dexter
2192 799 2357 844 tamen
2394 801 2577 845 actor
2614 794 2760 845 erit.“

835 874 953 926 Jam
991 890 1022 924 a
1057 872 1299 926 Seneca
1352 875 1506 928 Herc.
1541 875 1666 929 Fur.
1723 878 1813 928 68:
1876 878 2081 928 Robore
2136 886 2411 943 experto
2467 880 2664 931 tumet“
2720 894 2826 930 ex-

701 967 937 1010 sertum
972 961 1142 1025 potius
1176 961 1459 1027 praedicari
1493 961 1650 1010 robur
1686 969 1741 1011 ut
1776 963 1995 1025 credam,
2049 964 2269 1014 animum
2322 963 2536 1014 inclinat
2589 965 2828 1015 memoria

701 1045 888 1096 codicis
921 1044 1208 1097 Florentini
1245 1044 1443 1111 (Heius.
1484 1044 1749 1097 Claudian.
1788 1064 1838 1113 p.
1876 1047 2029 1113 820):
2078 1057 2348 1116 experto
2384 1058 2677 1115 comparata
2712 1066 2823 1101 cum

699 1132 1006 1196 reliquorum
1042 1131 1280 1182 librorum
1317 1132 1564 1198 scriptura
1599 1148 1886 1198 expenso
1922 1134 1981 1187 cf.
2006 1132 2153 1185 Ovid.
2190 1133 2331 1187 Fast.
2354 1135 2453 1187 111.
2492 1138 2593 1187 814
2628 1136 2826 1186 ensibus

701 1217 988 1271 exsertis.
1059 1216 1241 1269 Petav.
1275 1232 1376 1267 sec.
1415 1225 1705 1283 experta.
1738 1219 1860 1270 Vat.
1897 1228 2151 1285 erepta,
2186 1227 2246 1270 ut
2282 1204 2433 1275 Ovid.
2471 1222 2609 1271 Fast.
2639 1222 2825 1276 1626:

706 1302 804 1353 Jus
840 1329 902 1339 —
942 1312 1321 1369 exemptum.
1391 1303 1514 1353 Bar.
1554 1300 1782 1368 Gotting.
1821 1312 2117 1369 ereptum.
2189 1305 2367 1356 Petav.
2407 1314 2689 1367 exertum
2762 1306 2825 1357 cf.

701 1387 860 1438 Corn..
895 1388 1090 1439 Lucan.
1131 1380 1388 1439 V11.‘159
1439 1405 1490 1454 p.
1528 1389 1627 1439 165
1684 1397 1735 1440 et
1784 1390 1882 1441 391
1937 1406 1987 1455 Ρ.
2026 1392 2139 1440 201.
2210 1390 2374 1440 Drak.
2430 1391 2520 1443 Sil.
2556 1392 2679 1441 VII.
2726 1393 2819 1443 287

698 1489 746 1538 Ρ.
785 1474 898 1524 360.
970 1472 1148 1523 Arutz.
1187 1473 1394 1524 Arator.
1431 1473 1474 1524 Ι.
1513 1476 1612 1524 170
1648 1490 1695 1539 Ρ.
1736 1476 1815 1525 72.
1862 1476 1978 1525 add.
2016 1472 2241 1540 Conject.
2278 1474 2371 1530 IX.
2434 1476 2704 1527 Claudian.
2741 1475 2825 1526 Pr.

699 1557 852 1612 Cous.
890 1557 1004 1611 Stil.
1065 1558 1106 1613 Ι.
1147 1559 1244 1609 165
1305 1566 1564 1609 exsecta
1599 1586 1662 1596 ——
1702 1561 1895 1613 messis.
1957 1562 2103 1611 codd.
2164 1570 2413 1625 erecta,
2474 1571 2703 1627 erepta
2742 1560 2827 1625 (ut

698 1644 852 1710 Idyll.
887 1644 984 1695 VI.
1023 1646 1082 1693 11
1146 1645 1448 1694 erectior.
1517 1644 1648 1698 Exc.
1709 1645 1925 1697 Lucens.
1988 1644 2327 1713 ereptior),
2383 1657 2625 1703 execta.
2695 1648 2825 1701 Stat·

697 1728 823 1782 Silv'.
877 1730 920 1780 Ι.
977 1732 1025 1792 1,
1079 1730 1144 1779 23
1203 1736 1485 1779 assertae
1541 1744 1754 1779 munere
1812 1730 1983 1795 prolis.
2054 1732 2220 1784 Rehd.
2270 1735 2560 1785 adsectae
2622 1730 2825 1799 (quibus

699 1814 944 1881 exemplis
997 1822 1200 1865 utemur
1251 1816 1376 1864 alias
1427 1814 1480 1863 in
1531 1816 1861 1879 disceptando
1896 1815 2148 1869 Martialis
2185 1819 2301 1869 loco
2336 1819 2459 1871 XII.
2498 1821 2577 1880 57,
2618 1816 2704 1883 17)
2758 1818 2824 1868 cf.

698 1900 952 1951 Ammian.
1006 1899 1168 1950 Marc.
1211 1898 1443 1951 XXVII.
1508 1901 1587 1959 19,
1642 1901 1675 1950 6
1746 1886 2059 1969 exsertus,
2120 1904 2266 1959 codd.
2323 1919 2400 1954 ex
2457 1914 2705 1965 sextus,
2766 1912 2827 1953 et

695 1992 934 2037 sextus.
1004 1983 1114 2059 Nec
1149 1986 1286 2051 apud
1321 1984 1612 2037 Ovidium
1648 1986 1790 2036 Fast.
1827 1986 1867 2041 Ι.
1905 1987 2032 2037 626:
2101 1987 2198 2039 Jus
2251 1972 2417 2039 tamen
2466 1996 2826 2054 exemptum

698 2071 978 2121 restituisse
1037 2068 1244 2121 'ferunt“
1305 2069 1475 2135 (codd.
1531 2071 1855 2133 amissum,
1914 2062 2279 2135 admissum,
2342 2080 2651 2139 ereptum,
2709 2090 2819 2125 ex-

697 2154 1069 2222 ceptum¹²),
1106 2148 1328 2229 utstat.
1365 2156 1554 2209 Achill.
1601 2156 1644 2207 1.
1684 2158 1783 2207 300
1819 2165 2107 2224 exempta
2143 2160 2355 2209 casside.
2418 2160 2481 2210 al.
2533 2166 2823 2225 excepta.

697 2238 940 2307 erepta)
978 2256 1082 2293 non
1118 2242 1215 2292 boc
1253 2243 1544 2292 auctoritati
1581 2242 1848 2293 Petaviani
1883 2244 2055 2309 primi:
2116 2251 2407 2295 exertum
2466 2247 2684 2295 dandum
2728 2254 2823 2305 est,

698 2334 756 2377 ut
789 2335 876 2377 aut
912 2337 1231 2379 exsertum
1279 2328 1364 2392 jus
1417 2329 1467 2376 id
1519 2336 1595 2377 est
1630 2328 1948 2379 manifestum
1986 2328 2103 2393 (nisi
2140 2330 2270 2379 forte
2308 2330 2419 2394 quis
2455 2332 2642 2381 audeat
2675 2331 2825 2379 iuter-

698 2415 886 2478 pretari
915 2414 1000 2477 jus
1036 2414 1152 2463 loco
1189 2422 1376 2463 motum
1413 2412 1653 2463 Schneid.
1694 2414 1877 2479 Veget.
1916 2416 1957 2464 Ι.
1996 2416 2077 2476 26,
2115 2417 2146 2465 6
2183 2432 2231 2481 Ρ.
2270 2416 2338 2467 34
2386 2425 2436 2466 et
2470 2415 2586 2468 Iud.
2623 2416 2739 2471 Ber.
2774 2424 2827 2466 et

697 2499 894 2549 Vocab.
927 2516 976 2565 p,
1018 2496 1140 2562 184)
1176 2498 1474 2548 restituatur
1511 2506 1598 2547 aut
1634 2508 1965 2549 assertum.

831 2584 1101 2635 Proximus
1136 2584 1213 2633 his
1248 2584 1494 2649 exemplis
1529 2586 1717 2648 gradus
1754 2594 1834 2634 est
1882 2586 1945 2634 ad
1982 2588 2366 2637 contestandum
2421 2601 2533 2637 eum
2590 2602 2825 2649 errorem,

697 2684 846 2733 quem
883 2685 1034 2736 supra
1087 2669 1148 2719 de
1204 2667 1357 2719 Statii
1393 2669 1556 2719 Theb.
1593 2669 1663 2719 11.
1713 2671 1813 2721 506
1860 2679 1909 2719 et
1944 2671 2008 2725 V.
2046 2674 2110 2723 95
2150 2673 2441 2723 exemimusi
2514 2672 2653 2735 Idem
2689 2674 2826 2723 enim

695 2764 963 2820 peccatum
1001 2764 1078 2807 est
1111 2756 1246 2821 apud
1283 2752 1619 2805 Claudianum
1656 2755 1775 2806 Ruf.
1799 2756 1870 2807 11.
1906 2758 2003 2806 401
2046 2767 2272 2808 exerto
2310 2772 2428 2808 ense
2464 2758 2518 2807 in
2551 2757 2694 2811 Vatt.
2714 2757 2823 2813 Pal,

695 2841 838 2892 Med.
895 2856 992 2891 sec.
1050 2849 1285 2891 erecto.
1353 2841 1502 2890 Mali.
1557 2842 1623 2891 42
1684 2848 1975 2905 exsertus
2036 2844 2207 2893 navita
2264 2844 2317 2893 in
2370 2844 2494 2917 Jun.
2556 2851 2825 2895 erectus.

697 2927 852 2993 Idyll.
889 2926 1011 2982 VII,
1051 2929 1114 2978 15
1153 2927 1404 2977 exserit
1437 2927 1489 2976 in
1515 2926 1637 2977 Vat.
1675 2925 1799 2976 Luc.
1837 2926 1903 2975 al.
1940 2928 2177 2992 egerit,
2217 2929 2415 2993 erigit
2451 2928 2514 2979 cf.
2548 2928 2633 2981 Pr.
2671 2927 2827 2981 Cous.

697 3011 809 3065 Stil.
846 3014 882 3063 l.
919 3028 1072 3079 supra
1105 3014 1152 3067 d.
1226 3012 1424 3073 Quibus
1475 3012 1601 3062 locis
1654 3012 1887 3075 adjiciam
1922 3010 2175 3063 Valerii
2210 3014 2437 3064 Flacci
2490 3028 2690 3065 versum
2728 3014 2823 3069 VI.

697 3101 780 3163 88,
818 3114 964 3165 quem
998 3099 1169 3148 mirari
1206 3098 1341 3147 subit
1376 3112 1405 3147 a
1442 3098 1736 3147 Burmanno
1771 3114 1820 3163 Ρ.
1860 3099 1961 3149 500
1998 3100 2062 3147 ad
2098 3100 2383 3165 exemplum
2422 3096 2689 3150 Claudiani
2725 3098 2821 3153 Vl.

698 3181 848 3236 Cous.
884 3184 1016 3235 Hon.
1052 3185 1176 3237 2991
1229 3184 1344 3235 Hoc
1379 3184 1540 3249 magis
1577 3190 1898 3235 exsertum
1932 3198 2221 3249 raperem
2274 3186 2575 3236 succinctior
2609 3186 2826 3249 agmen“

875 3372 961 3437 ι3)
1013 3372 1093 3424 Ne
1138 3373 1248 3437 quis
1293 3372 1419 3423 forte
1456 3368 1755 3423 Glossam
1789 3372 2083 3438 Amplon.
2120 3390 2171 3439 p.
2210 3374 2335 3435 326,
2371 3375 2464 3425 86:
2533 3373 2829 3439 Excepta

699 3443 940 3508 sagitta
974 3450 1026 3492 et
1059 3442 1184 3503 329,
1221 3442 1310 3492 65:
1362 3441 1612 3506 Exepta
1646 3440 2047 3505 sagitta.'’Statii
2085 3444 2136 3493 ei
2170 3442 2319 3503 loco,
2351 3442 2401 3491 in
2440 3458 2540 3507 quo
2579 3450 2679 3491 est:
2716 3456 2825 3490 ex·

696 3518 872 3563 serta
924 3510 1188 3576 sagittis
1239 3509 1552 3561 referendam
1598 3512 1745 3575 putet
1788 3517 1877 3560 aut
1919 3512 1985 3560 ad
2030 3512 2467 3562 reconcinnandas
2512 3524 2663 3577 voces
2710 3510 2825 3559 has:

699 3596 777 3631 cx
802 3578 1008 3646 epta’s
1036 3576 1321 3644 sagitta“
1351 3579 1404 3628 id
1428 3586 1506 3628 est
1531 3594 1723 3640 exerce,
1750 3589 1949 3643 epteres
1970 3577 2150 3642 (Inscr.
2167 3580 2305 3629 Latt.
2317 3580 2449 3630 3608
2460 3596 2509 3643 Ρ.
2530 3580 2623 3642 131
2644 3576 2827 3629 Orell.:

696 3650 904 3701 Exere
941 3648 1232 3699 Tritone.
1286 3646 1455 3699 Gloss.
1496 3646 1739 3711 Amplon.
1778 3664 1827 3711 Ρ.
1866 3648 1981 3709 325,
2018 3652 2049 3701 5
2094 3648 2327 3713 exapla
2360 3649 2541 3697 sexies.
2614 3646 2720 3697 Sin.
2756 3644 2824 3697 V.

696 3736 746 3786 p.
790 3720 854 3771 98
903 3726 1005 3771 not.
1052 3715 1143 3781 21)
1188 3716 1465 3767 deducatur
1509 3730 1697 3765 memor
1744 3714 1950 3767 Ottonis
1995 3716 2211 3781 Frising.
2298 3713 2435 3767 Gest.
2482 3711 2618 3768 Frid.
2654 3714 2695 3767 Ι.
2735 3716 2823 3765 33:

672 3787 982 3837 .triremibus
1018 3794 1068 3837 et
1100 3784 1388 3851 biremibus,
1427 3800 1552 3849 quas
1590 3784 1743 3833 modo
1772 3782 1965 3834 Galeas
2002 3802 2091 3835 seu
2140 3786 2434 3848 Sagittas
2470 3784 2624 3847 vulgo
2661 3783 2827 3833 dicere

696 3857 878 3909 solent.
931 3853 1126 3919 ”Cang.
1167 3852 1333 3903 Gloss.
1361 3853 1456 3906 111.
1483 3870 1532 3917 p.
1561 3852 1715 3916 670)=
1750 3868 1841 3918 pro
1877 3860 2013 3903 certo
2049 3852 2242 3904 affirmo
2268 3860 2390 3901 nota
2414 3852 2728 3902 librariorum
2752 3852 2825 3902 le-

696 3926 850 3975 vitate
882 3925 1077 3974 litteras
1114 3939 1141 3973 c
1178 3931 1230 3972 et
1265 3938 1300 3986 g
1333 3921 1748 3972 commutantium
1782 3923 2033 3971 saciata
2055 3922 2263 3972 vertisse
2287 3922 2341 3970 in
2366 3922 2633 3985 sagitta,
2669 3921 2830 3971 verba

699 4003 1001 4059 excepta,
1050 3999 1282 4057 exepta
1317 4000 1486 4042 autem
1523 3992 1723 4055 ipsare
1760 3991 1888 4040 nihil
1925 3990 2127 4040 differre
2164 4004 2277 4040 cum
2317 4003 2401 4050 eo,
2448 3991 2587 4053 quod
2621 4006 2671 4053 p.
2710 3988 2826 4047 329,

697 4062 764 4113 60
811 4059 1062 4125 integrum
1099 4068 1290 4112 manet:
1334 4061 1650 4123 Exempta
1685 4058 1997 4113 satiata“.
2072 4059 2301 4124 Spectari
2338 4058 2469 4107 enim
2505 4053 2589 4106 hic
2624 4072 2827 4108 versum

697 4130 902 4196 Virgilii
938 4130 1067 4182 Aen.
1107 4130 1148 4179 Ι.
1187 4130 1313 4181 216:
1360 4128 1638 4191 Postquam
1678 4136 1970 4193 exempta
2007 4128 2206 4177 fames
2244 4127 2327 4175 vel
2364 4125 2707 4176 Zutichemius
2744 4141 2827 4175 co-

698 4201 800 4249 dex
834 4198 1083 4259 declarat,
1128 4198 1179 4247 in
1216 4214 1318 4261 quo
1354 4198 1607 4247 invenitur
1644 4206 1931 4261 excepta.
2004 4196 2203 4260 Quibus
2240 4197 2310 4245 sic
2347 4196 2615 4259 disputatis
2652 4195 2828 4245 convi-

698 4270 827 4319 cisse
870 4268 1048 4317 videor
1091 4266 1350 4317 mirificum
1409 4280 1629 4317 errorem
1682 4265 2020 4315 Hildebrandi
2058 4264 2229 4316 Gloss.
2278 4264 2439 4315 Paris.
2486 4264 2581 4314 241
2630 4278 2680 4329 p.
2732 4264 2827 4313 132

697 4340 826 4389 haec
879 4336 1170 4387 commenti:
1233 4335 1498 4400 „Amplom
1553 4336 1669 4396 329,
1732 4336 1799 4385 60
1852 4334 2121 4398 legendum
2168 4349 2263 4399 pro
2312 4340 2552 4397 exempta
2594 4332 2829 4381 satiata

699 4416 936 4473 exempta
969 4401 1183 4456 soluta“.
