3234 4967
1332 362 1589 415 adnot.
1639 360 1719 413 76.
2470 356 2594 423 121

448 566 751 649 Romani,
783 576 857 633 ut
888 566 1188 649 arbitror,
1238 570 1320 632 cf.
1352 566 1574 633 adnot.
1608 588 1671 629 v.
1712 567 1787 631 17
1821 588 1884 653 p.
1934 564 2073 653 28),
2119 566 2187 630 in
2216 586 2346 653 quo
2377 564 2600 631 retulit

452 672 981 759 Lindenbrogius
1026 698 1090 761 p.
1152 674 1279 738 479
1342 696 1483 739 esse
1532 695 1872 755 omnem,
1943 672 2036 739 sic
2103 671 2436 761 sequenda
2491 673 2596 756 sit,

454 789 531 845 ut
574 779 923 847 scribatur:

874 980 881 987 ι
1066 918 1131 955 ne
1168 901 1419 971 perderet
1454 916 1644 955 omen

759 989 1013 1045 Libertas.

450 1092 621 1159 Nam
668 1091 930 1175 „ubivis
976 1110 1175 1156 voces
1232 1111 1457 1157 omen
1524 1100 1593 1155 et
1652 1110 1876 1155 omne
1921 1112 1964 1155 a
2029 1088 2332 1171 librariis,
2401 1090 2598 1155 etiam

450 1222 493 1263 a
534 1197 894 1287 typothetis
940 1196 1250 1265 confundi
1296 1218 1487 1263 nemo
1545 1194 1800 1261 nescit“
1848 1195 2020 1261 Oud.
2053 1194 2251 1284 Apul.
2301 1195 2459 1263 Met.
2509 1194 2598 1261 II.

453 1329 517 1392 p.
577 1303 723 1369 155.
771 1304 1045 1371 Mereor.
1121 1303 1449 1370 Aristaen.
1518 1302 1567 1368 l.
1614 1304 1656 1367 3
1705 1326 1769 1389 p.
1817 1302 1969 1367 262.
2031 1301 2214 1368 Cort.
2259 1302 2503 1367 Lucan.
2551 1303 2598 1366 1.

454 1411 582 1477 637
632 1433 697 1498 p.
750 1410 875 1475 166
922 1434 1019 1499 sq.
1068 1420 1135 1477 et
1181 1409 1290 1475 ΠΙ.
1344 1409 1464 1473 101
1526 1432 1588 1497 p.
1639 1406 1789 1473 325.
1859 1407 2157 1494 Dempst.
2219 1415 2287 1472 et
2341 1406 2598 1473 Vonck.

454 1515 725 1607 Coripp.
772 1515 944 1583 Just.
992 1517 1040 1579 1.
1086 1516 1171 1581 57
1234 1538 1301 1603 p.
1360 1516 1514 1579 321.
1575 1512 1803 1579 Arntz.
1864 1513 2228 1579 Mamertin.
2291 1512 2596 1579 Genethl.

459 1623 561 1705 10,
610 1624 651 1687 3
698 1646 761 1709 Ρ.
815 1623 963 1689 137.
1069 1619 1411 1689 claudian.
1480 1618 1559 1685 Β.
1633 1620 1784 1687 Get.
1832 1621 1994 1686 239:
2063 1620 2116 1683 si
2185 1618 2363 1707 quod
2430 1620 2600 1685 forte

456 1728 641 1815 quies
708 1725 1096 1814 neglexerat
1168 1748 1412 1792 omen.
1525 1725 1704 1791 Med.
1775 1734 1988 1813 quart.
2061 1746 2302 1791 omne.
2399 1723 2597 1792 Ovid.

400 1863 413 1873 ·
454 1834 633 1899 Fast.
681 1833 800 1898 IV.
848 1834 1011 1901 356:
1060 1840 1323 1921 captant
1367 1872 1454 1884 -—
1502 1855 1719 1898 omen
1766 1831 1990 1898 idem.
2068 1831 2327 1897 Vicent.
2375 1854 2600 1898 omne

454 1938 690 2005 diem.
737 1938 1011 2028 Joseph.
1044 1937 1177 2005 Jsc.
1212 1939 1331 2003 IV.
1366 1940 1526 2005 233:
1560 1939 1856 2003 venturis
1903 1938 2172 2003 omnia.
2218 1936 2598 2021 ducens,“

454 2044 629 2133 quod
679 2046 969 2133 oportuit
1014 2066 1157 2110 esse
1206 2046 1487 2112 omina.
1548 2044 1748 2129 Quod
1794 2053 2014 2110 autem
2061 2066 2282 2109 omen
2327 2043 2596 2127 dicatur,

451 2150 811 2238 percipitur
856 2172 942 2215 ex
987 2150 1147 2217 locis
1194 2172 1342 2215 cum
1388 2148 1735 2217 Claudiani
1794 2148 1898 2213 lV.
1959 2150 2155 2216 Cous.
2214 2149 2388 2215 Hon.
2439 2151 2593 2215 197:

450 2256 719 2344 Imperii
762 2254 879 2322 lux
909 2255 1022 2321 illa
1052 2258 1169 2323 tui.
1200 2294 1289 2305 —-—
1319 2256 1413 2322 At
1455 2264 1593 2321 tua
1625 2255 1941 2321 coelestes
1971 2254 2300 2321 illustrant
2329 2256 2600 2321 omina

450 2360 819 2427 flammae.“
914 2360 1165 2448 Virgilii
1210 2362 1377 2427 Ἀθη.
1427 2362 1571 2427 VlI.
1627 2362 1784 2427 173:
1832 2360 1960 2425 Hic
1991 2368 2252 2449 sceptra
2299 2362 2595 2451 accipere

452 2478 519 2531 et
572 2468 817 2555 primos
890 2466 1187 2534 attollere
1245 2469 1455 2534 fasces
1511 2467 1802 2553 Regibus
1873 2489 2097 2532 omen
2157 2471 2365 2533 erat.“
2455 2465 2598 2534 Silii

451 2572 539 2638 lll.
594 2574 703 2639 123
751 2573 924 2638 Hinc
970 2596 1196 2652 omen
1242 2574 1536 2661 coeptis“
1585 2572 1696 2661 (cf.
1742 2572 1970 2637 HeinS.
2005 2572 2347 2639 claudian.
2381 2573 2595 2661 Epist.

450 2678 568 2757 IV.
612 2679 703 2747 15
748 2704 811 2767 p.
862 2681 1014 2745 321.
1064 2680 1209 2747 Stat
1255 2678 1462 2745 Theb.
1508 2678 1557 2742 Ι.
1610 2678 1769 2743 1803
1827 2688 2018 2745 vetus
2075 2678 2320 2746 Thebis
2375 2690 2597 2745 exten-

454 2782 631 2849 ditur
680 2784 941 2870 omen)
973 2795 1110 2850 tum
1143 2784 1379 2851 Avieni
1412 2783 1599 2873 Arat.
1633 2783 1878 2853 Phaen.
1926 2788 2003 2850 3:
2049 2785 2290 2853 Jovis
2337 2786 2596 2851 omine

455 2888 706 2955 coelum
753 2890 845 2955 Et
890 2890 1082 2955 Jovis
1139 2891 1415 2978 imperio
1461 2888 1846 2957 mortalibus
1894 2890 2164 2958 aethera
2208 2891 2482 2980 pando“
2529 2904 2596 2958 et

453 2996 780 3083 Propertii
826 2996 943 3063 ΙΙΙ.
994 2998 1055 3078 6,
1106 2997 1221 3063 233
1268 2997 1443 3062 Hinc
1503 2995 1807 3082 Augusta
1867 2998 2026 3064 ratis
2086 2997 2298 3086 plenis
2351 2999 2396 3064 J
2415 3000 2594 3065 ovis

454 3102 713 3165 omine
760 3100 969 3166 velis“
1014 3112 1083 3167 et
1127 3126 1285 3169 vero
1328 3102 1583 3169 Sidonii
1614 3101 1898 3191 Apollin.
1948 3103 2101 3168 XV.
2149 3104 2312 3169 2003
2359 3104 2597 3191 probat

450 3206 807 3295 Atropos
885 3230 1113 3277 omen
1190 3208 1533 3296 Fulvaque
1620 3209 1978 3274 concordes
2044 3211 2410 3298 junxerunt
2483 3208 2593 3277 fila

452 3316 756 3379 sorores“
804 3314 885 3377 cf.
933 3312 1116 3378 Barl.
1164 3314 1427 3380 Heroic.
1484 3314 1530 3379 1.
1592 3339 1657 3403 p.
1721 3314 1841 3381 54:
1913 3315 2008 3381 Te
2057 3313 2274 3403 legum
2322 3315 2594 3382 custode

455 3416 576 3483 sibi
626 3416 921 3483 solennia
966 3421 1225 3508 scripsit
1272 3420 1557 3487 Omina
1602 3419 2052 3487 Libertas.“

623 3523 671 3589 J
673 3546 776 3588 am
847 3547 1005 3590 vero
1091 3527 1393 3615 proxima
1461 3526 1702 3609 verba,
1774 3548 1942 3615 quac
2009 3549 2133 3615 pro
2199 3526 2593 3614 incorruptis

452 3629 652 3694 etiam
682 3629 1097 3696 Burmannus
1128 3630 1377 3697 Lucan.
1410 3631 1531 3698 IV.
1564 3632 1697 3697 476
1730 3656 1794 3721 Ρ.
1845 3632 1974 3697 269
2018 3630 2265 3716 habuit,
2313 3633 2592 3698 fortasse

449 3733 560 3799 alii
592 3736 814 3801 dicent
845 3734 911 3801 in
948 3736 1122 3802 hune
1170 3737 1465 3802 ordinem
1512 3736 1878 3823 digerenda
1923 3760 2099 3804 esse:
2155 3760 2237 3803 ne
2283 3736 2591 3825 perderet

448 3863 639 3907 omen
684 3840 1097 3926 Libertas3
1167 3851 1301 3908 tam
1348 3867 1559 3931 parva
1619 3844 1804 3909 dies“
1875 3844 2046 3933 (sive
2091 3846 2262 3910 vita
2327 3844 2452 3909 fnit
2509 3845 2590 3910 ef.

448 3945 675 4011 Barth.
723 3944 931 4012 Theb.
978 3946 1055 4011 ll.
1102 3947 1231 4013 657
1279 3972 1343 4035 p.
1390 3950 1514 4014 591
1572 3949 1702 4040 sq.)
1745 3986 1831 3999 —-·
1877 3950 2035 4037 quid
2083 3951 2254 4017 enim
2301 3951 2385 4015 sit
2431 3975 2592 4039 per-

449 4052 641 4118 dere
690 4075 919 4120 omen
976 4053 1225 4121 indicat
1266 4056 1373 4121 vel
1430 4056 1804 4123 Gronovius
1875 4056 2026 4124 Sen.
2098 4056 2276 4124 Med.
2352 4056 2480 4122 154
2525 4082 2588 4147 p.

445 4157 575 4221 468
608 4198 725 4241 -,
756 4181 875 4225 nos
921 4182 1150 4225 vocem
1198 4183 1480 4247 parva,
1528 4170 1601 4226 ut
1649 4171 1826 4227 recte
1874 4164 1942 4227 in
1988 4188 2054 4229 v.
2104 4162 2222 4229 74:
2262 4162 2593 4230 Uberibus

446 4262 599 4345 tibi,
655 4288 939 4353 parve,
1002 4265 1224 4348 dedi,“
1292 4269 1608 4353 positam,
1681 4268 1775 4333 ita
1823 4268 1929 4333 hic
1972 4270 2132 4336 vitio
2179 4278 2398 4335 natam
2445 4292 2588 4334 esse

446 4366 745 4435 arbitrati
802 4371 871 4435 in
925 4370 1093 4437 hanc
1149 4370 1449 4437 volumus
1508 4373 1957 4439 reconcinnari
2017 4372 2436 4439 sententiam:
2505 4396 2587 4439 ne
