3234 4967
1320 410 1603 473 Conjeet.
1637 410 1704 461 X.
2482 408 2579 458 195

453 585 662 635 Theseo
702 584 983 647 digniorem
1020 582 1199 645 fuisse,
1238 584 1321 646 qui
1362 582 1763 633 carminibus
1801 579 2244 635 celebraretur
2283 572 2369 645 (cf.
2408 578 2584 632 Savar.

453 671 631 721 Sidon.
669 668 837 719 Carm.
875 662 1077 718 XXIV.
1104 669 1167 718 29
1205 683 1254 731 p.
1282 666 1407 730 206)
1444 669 1597 732 idque
1634 668 1731 717 hoc
1770 668 1947 717 modo:
1986 665 2284 715 Aonidum
2321 692 2387 701 —-
2423 664 2584 715 sama:

802 753 1004 816 Dignus
1042 761 1092 801 et
1128 752 1441 803 Aonidum
1478 753 1706 818 Pyladen
1744 753 2046 817 praecedere
2084 746 2232 803 fama.

456 840 572 901 Qua
615 841 790 888 eadem
844 838 1039 887 ratione
1093 838 1276 885 dicitur
1331 837 1493 887 fama
1538 838 1852 887 hominum
1893 834 1995 889 Cic,
2041 835 2170 899 Rep.
2210 834 2278 887 ΙΙ.
2318 838 2362 884 2.
2426 836 2586 900 Wytt.

452 904 645 976 Julia'u.
700 922 783 971 Or.
823 920 861 976 Ι.
900 938 949 986 p.
977 924 1041 973 58
1067 938 1140 987 sq.
1180 930 1232 971 ct
1268 920 1501 987 Calliope
1544 922 1780 986 „famae
1818 922 2090 987 prodere
2131 948 2190 957 --
2231 935 2357 983 quos
2381 916 2590 971 horrida

455 1016 634 1073 coepta
674 1007 937 1061 Excierint
972 1006 1220 1071 populos“
1262 1008 1350 1057 Sil.
1390 1007 1486 1057 ΙΙΙ.
1526 1010 1640 1061 222.
1691 1008 1893 1058 famae
1931 1008 2049 1055 darc
2096 1003 2286 1055 virum“
2328 1006 2450 1057 VII.
2489 1008 2586 1055 217

454 1094 515 1146 cf.
556 1094 719 1155 Theb.
757 1092 851 1142 lx.
890 1095 1015 1143 318:
1054 1118 1116 1129 --
1161 1093 1371 1155 „Musae
1415 1119 1467 1127 —-
1510 1103 1732 1143 vestrum
1769 1108 1894 1155 opus
1935 1120 1994 1129 -
2034 1108 2098 1141 ee
2118 1093 2284 1142 nium
2321 1092 2588 1142 defendere

459 1177 701 1232 famae.⁴‘

1402 1487 1580 1592 ’Χ.

600 1690 855 1753 Quoniam
892 1697 1061 1741 autem
1097 1690 1159 1739 de
1198 1706 1257 1739 eo
1296 1690 1404 1739 vitii
1440 1704 1653 1753 genere,
1691 1690 1828 1753 quod
1873 1703 2023 1753 supra
2057 1688 2084 1737 1
2121 1689 2430 1749 deteximus,
2467 1689 2588 1737 satis

460 1776 647 1825 dictum
684 1776 907 1836 videtur,
961 1775 1312 1838 degrediamur
1346 1777 1410 1825 ad
1447 1776 1810 1839 pei-poliendos
1851 1774 2046 1839 aliquot
2099 1775 2238 1824 locos
2285 1774 2390 1837 ejus
2438 1774 2592 1838 ipsius

462 1861 706 1920 carminis,
744 1861 879 1925 quod
918 1861 1065 1909 modo
1104 1862 1375 1924 attigimus.
1446 1860 1526 1909 De
1564 1860 1708 1923 cujus
1748 1875 1894 1909 versu
1931 1861 2018 1909 50:

792 1945 913 1995 Jam
950 1945 1115 2009 pudor
1150 1946 1401 2009 ingenuae
1440 1946 1622 1995 mentis
1663 1945 2040 2009 tranquillaque
2080 1960 2272 1994 morum

791 2030 1087 2095 Temperies
1124 2039 1397 2093 teneroque
1434 2031 1631 2079 animus
1669 2032 1912 2080 maturior
1948 2045 2078 2079 aevo

789 2115 1079 2165 Carmine
1117 2132 1235 2179 quo
1274 2101 1545 2165 donasse
1583 2112 1800 2179 queam?

462 2200 787 2251 incredibilia
821 2208 991 2251 narrat
1026 2200 1289 2262 Queckius
1326 2218 1372 2265 p.
1410 2201 1596 2251 XVII:
1647 2202 1772 2259 „Est
1817 2200 2162 2250 anacoluthon
2209 2210 2261 2250 et
2305 2200 2597 2264 legendumz

465 2286 710 2335 maturior
744 2300 875 2335 aevo
918 2314 975 2321 —
1016 2286 1249 2337 Carmine
1288 2301 1390 2349 quo
1428 2288 1649 2336 donasse
1687 2282 1918 2350 queam,“
1964 2294 2138 2335 narrat
2166 2294 2333 2335 autem
2361 2287 2598 2351 exemplo
2683 2341 2693 2349 ,

466 2372 645 2420 ductus
684 2371 921 2431 Weberi,
976 2386 1125 2435 quem
1170 2381 1218 2420 et
1262 2373 1485 2421 nominat
1528 2382 1578 2421 et
1621 2372 1800 2421 laudat
1853 2371 2034 2421 omisso
2072 2372 2282 2421 Heinsio
2319 2370 2480 2436 Epist..
2536 2372 2599 2419 ad

464 2456 729 2506 Falconer.
770 2454 1077 2507 CCCCLXI
1114 2474 1159 2521 p.
1201 2458 1326 2508 535:
1377 2457 1720 2519 „Parmensist
1777 2446 2010 2507 Carmine
2061 2470 2161 2519 quo
2210 2462 2470 2520 potasse
2509 2472 2600 2521 pro

466 2540 759 2592 dotasse“
801 2541 1045 2591 Imhofius
1084 2544 1145 2592 de
1183 2541 1307 2593 silv.
1334 2540 1544 2593 Coudic.
1574 2541 1698 2595 Crit.
1737 2558 1784 2606 p.
1805 2544 1900 2595 41:
1941 2542 2182 2605 „Vratish
2223 2556 2334 2589 cum
2373 2542 2486 2591 cdd.
2523 2557 2600 2605 pr.

469 2634 520 2675 et
554 2628 721 2678 Parm.
774 2635 1003 2691 potase
1052 2627 1102 2676 h.
1132 2642 1187 2677 -e.
1236 2628 1527 2687 dotasse,
1581 2635 1639 2676 ut
1693 2636 1828 2700 recte
1867 2626 2116 2677 Webeius
2165 2625 2600 2689 divinavit'(Sen.

468 2712 583 2764 Par.
623 2713 895 2761 donasse
942 2711 1240 2775 queant).“
1318 2712 1605 2763 Immerito:
1661 2712 1812 2775 longe
1859 2711 2210 2777 praestabilius
2256 2712 2419 2776 enim,
2466 2712 2602 2775 quod

468 2797 740 2861 proposuit
774 2796 1138 2847 Marklandus:
1180 2808 1369 2861 „nota
1405 2813 1538 2847 esse
1588 2795 1831 2860 queant,“
1897 2812 2200 2859 quamquam
2253 2798 2417 2861 ipsum
2465 2806 2601 2861 post-

469 2881 757 2931 habendum
792 2881 938 2942 huic,
992 2884 1127 2946 quod
1164 2884 1370 2947 propius
1407 2884 1554 2932 abest-
1590 2884 1654 2931 ab
1706 2885 2012 2947 optimorum
2055 2881 2298 2931 librorum
2349 2883 2604 2946 scriptura

467 2976 732 3032 potasse
772 2963 891 3019 (hoc.
928 2968 1057 3016 enim
1097 2968 1313 3017 afferunt
1348 2968 1683 3030 Marklandus
1721 2974 1770 3016 et
1805 2965 2116 3029 Queckius):

711 3046 721 3055 ’
873 3049 1105 3102 Carmine
1142 3068 1242 3117 quo
1279 3054 1568 3117 patuisse
1607 3056 1856 3116 queant?

467 3138 529 3187 In
556 3154 656 3202 qua
682 3138 817 3187 enim
842 3139 1096 3188 sententia
1118 3139 1326 3187 verbum
1362 3148 1708 3203 patescere,
1747 3148 1969 3201 patere
2005 3148 2242 3203 ponatur,
2281 3139 2600 3201 cognoscitur

468 3238 535 3272 ex
568 3224 730 3273 Theb.
767 3222 865 3271 111.
902 3225 993 3273 42:
1042 3225 1258 3273 necdum
1312 3238 1418 3273 ora
1471 3230 1690 3287 patent
1725 3223 2006 3287 dubiusque
2055 3224 2266 3274 notari.“
2316 3225 2408 3275 49:
2465 3223 2602 3275 Luce

474 3314 701 3370 patent
744 3308 943 3356 caedes.
981 3307 1047 3358 V.
1087 3310 1208 3358 298:
1266 3316 1530 3373 patuere
1585 3307 1782 3359 furores
1835 3307 2096 3358 Nocturni.
2169 3309 2359 3359 Achill.
2407 3310 2476 3359 ΙΙ.
2516 3312 2604 3359 98:

474 3391 731 3456 Argolicis
772 3394 981 3441 ducibus
1024 3394 1127 3457 jam
1172 3402 1276 3443 tum
1322 3395 1644 3459 patuisset
1685 3392 1960 3446 Ael1ines,“
2019 3394 2162 3457 Virg.
2203 3393 2335 3442 Aen.
2373 3394 2442 3443 11.
2483 3396 2603 3445 309:

469 3476 803 3539 Danaumque
838 3485 1174 3541 patescunt
1220 3478 1488 3532 Insidiae,“
1560 3478 1708 3528 ovid.
1755 3478 1892 3530 Fast.
1933 3478 2026 3529 IV.
2067 3480 2154 3529 17:
2208 3494 2390 3529 causae
2437 3480 2604 3528 subito

468 3578 501 3627 p
520 3574 743 3611 eruere
798 3563 1045 3614 dierum.“
1126 3563 1249 3615 Met.
1292 3564 1439 3616 VIII.
1488 3566 1607 3615 155:
1659 3562 1966 3628 foedumque
2022 3564 2282 3629 patebat
2316 3590 2381 3599 --
2419 3565 2602 3614 Matris

470 3647 769 3699 adulterium
808 3650 1019 3698 monstri·
1047 3650 1334 3699 novitate
1375 3647 1647 3698 biformia.“
1725 3650 1812 3701 Sil.
1853 3650 1946 3698 VI.
1987 3651 2039 3699 5:
2076 3650 2388 3714 propiusque
2425 3660 2603 3714 patc-

470 3734 577 3782 bat
614 3733 784 3783 Insani
820 3734 1068 3783 Mavortis
1106 3750 1231 3799 opus
1269 3733 1434 3798 (Barl.
1472 3736 1617 3799 Eleg.
1657 3734 1726 3784 ΙΙ.
1763 3752 1812 3798 p.
1837 3738 1926 3783 71:
1963 3734 2077 3783 Heu
2114 3734 2278 3783 scelus
2317 3743 2394 3783 est
2431 3750 2606 3785 omnes

472 3818 735 3869 Charitum
784 3820 1079 3883 patuisse
1120 3819 1362 3884 lepores).
1434 3820 1607 3869 Barth.
1649 3820 1811 3870 Theb.
1852 3820 1944 3868 IV.
1981 3821 2084 3869 414
2129 3834 2177 3883 p.
2219 3822 2363 3869 1070.
2403 3820 2467 3869 V.
2507 3822 2603 3871 298

469 3922 517 3969 p.
541 3906 654 3956 157.
710 3904 885 3954 Heius.
925 3904 1055 3954 Adv.
1094 3903 1218 3953 1.11
1259 3921 1307 3970 p.
1330 3908 1442 3966 117,
1481 3906 1565 3968 qui
1602 3920 1750 3969 quem
1789 3905 1958 3954 attulit
1989 3904 2214 3953 Senecae
2254 3905 2420 3953 locum
2451 3905 2604 3959 Herc.

474 3988 581 4042 Oet.
624 3992 745 4041 165:
799 3986 931 4053 „Pro
966 3990 1073 4039 fato
1109 3986 1319 4054 patuit
1354 3991 1523 4041 vultus
1560 3988 1834 4054 iniquior‚“
1877 4005 1990 4039 eum
2029 3997 2203 4038 testem
2241 3990 2605 4053 permixtorum

471 4077 734 4126 verborum
771 4076 951 4140 patuit
986 4084 1035 4125 et
1068 4076 1255 4140 potuit.
1288 4076 1363 4138 iis,
1402 4091 1527 4140 quos
1566 4062 1972 4126 commemoravit
2009 4069 2463 4125 Drakenborchius
2491 4076 2602 4126 Liv.

473 4162 623 4213 VIII.
664 4162 743 4223 14,
779 4163 813 4211 4
848 4178 897 4225 p.
938 4163 1063 4221 119,
1098 4161 1166 4210 sic
1205 4163 1389 4233 addere
1425 4158 1568 4221 licet,
1611 4168 1668 4209 ut
1703 4159 2038 4210 Claudianum
2076 4160 2224 4211 Eutr.
2262 4160 2304 4211 Ι.
2342 4164 2465 4212 201:
2502 4178 2605 4225 pa-

476 4247 601 4296 tenti
639 4245 922 4297 Vestibulo.
994 4245 1093 4296 Ox.
1132 4246 1249 4298 Jun.
1289 4246 1456 4299 Leid:
1494 4245 1731 4311 potenti“
1775 4254 1825 4295 et
1871 4260 1978 4305 eoa,
2017 4261 2144 4311 quos
2179 4245 2439 4297 afferemus
2474 4246 2609 4297 XIV

474 4331 539 4395 (1.
554 4333 691 4382 atiaz
725 4332 897 4393 locia,
932 4330 1169 4398 longa);
1207 4332 1313 4396 ejus
1352 4339 1517 4382 autem
1556 4332 1764 4393 erroris,
1816 4346 1915 4396 quo
1953 4332 2181 4397 syllabae
2219 4347 2298 4397 po
2335 4332 2452 4381 loco
2489 4347 2604 4395 pro-

473 4420 607 4469 venit
647 4419 848 4487 syllaba
896 4406 1000 4480 (10,
1055 4435 1166 4469 cum
1222 4419 1381 4469 multa
1430 4418 1666 4481 exempla
1715 4426 1892 4467 ext-ant
1939 4420 2074 4483 apud
2123 4418 2334 4467 cundem
2372 4417 2606 4467 Draken-
