3234 4967
701 382 784 446 70
1589 384 1827 437 Adnot.
1878 384 1959 435 46.

703 610 873 676 quae
935 590 1002 653 in
1059 589 1336 656 famulos
1389 610 1521 653 non
1577 588 1746 655 solet
1799 588 2105 654 cadere.“
2196 590 2276 655 In
2322 589 2561 677 quibus
2616 591 2857 674 insunt,

702 718 870 782 quae
916 697 1150 762 merito
1195 697 1549 783 vituperes.

881 836 953 900 In
984 834 1117 901 alia
1149 836 1365 901 omnia
1397 834 1867 901 discedendum
1911 857 2054 900 esse
2086 836 2434 925 perspicuo
2469 847 2856 924 argumento

704 950 804 1007 est
850 940 1092 1007 codicis
1137 941 1619 1028 Rehdigerani‚
1682 963 1850 1030 quae
1908 942 2045 1007 fere
2108 941 2339 1008 eadem
2400 952 2502 1011 est
2548 942 2857 1008 editionis

703 1048 1026 1131 Venetae,
1078 1047 1463 1114 diversitas:
1523 1056 1804 1113 nostra
1851 1047 2081 1113 domus
2112 1086 2201 1097 ——·
2227 1058 2537 1113 mestus
2582 1049 2859 1137 Increpi·

704 1162 886 1218 tans
945 1154 1085 1241 qui
1141 1193 1229 1202 ——
1297 1175 1580 1241 repone
1639 1193 1727 1203 --
1762 1177 2026 1219 serva.
2136 1153 2351 1236 Quam
2420 1154 2857 1243 contemplato

707 1259 930 1325 statim
999 1260 1178 1325 fraus
1249 1258 1535 1325 dilucere
1583 1261 1802 1347 coepit
1862 1259 2134 1326 mirifico
2185 1269 2285 1325 tot
2330 1282 2644 1343 errorum,
2694 1283 2857 1349 quos

702 1364 1100 1453 procedente
1147 1373 1443 1452 tempore
1503 1364 1821 1430 admissos
1872 1364 2196 1447 videmus,
2245 1376 2569 1453 proventu
2614 1388 2856 1431 memo·

704 1468 948 1536 rabilia.
1040 1456 1335 1559 Namque
1383 1472 1592 1558 ipsam
1640 1494 1821 1537 suam
1870 1471 2132 1537 domum
2182 1472 2429 1538 Statius
2475 1464 2858 1561 loquentem⁴

704 1576 966 1643 induxit
1013 1584 1079 1643 et
1123 1576 1287 1643 haec
1333 1575 1734 1673 loquentem:

1436 1734 1854 1803 Ego—munera
1892 1736 2127 1787 mortis

979 1835 1297 1907 increpit03
1333 1836 1495 1889 heus
1531 1838 1625 1905 qui
1663 1834 1855 1889 damna
1894 1834 2079 1889 doles
2116 1835 2307 1897 aliena,
2346 1853 2563 1906 repone

981 1936 1165 1993 infelix
1200 1939 1448 1993 {aen-imas
1487 1945 1539 1992 ct
1575 1939 1744 1992 tristia
1780 1940 2043 1991 carmina:
2081 1955 2287 1992 serva.

710 2078 925 2159 Quam
997 2076 1358 2142 orationem
1427 2096 1560 2141 non
1627 2098 1866 2163 magno
1936 2084 2174 2141 conatu
2244 2072 2855 2162 redintegravimus.

709 2184 1001 2247 Primum
1049 2182 1222 2247 enim
1281 2183 1572 2249 funera
1632 2193 1699 2247 et
1753 2204 2085 2248 munera
2146 2183 2522 2271 saepissime
2569 2184 2743 2248 inter
2788 2206 2857 2247 se

706 2290 1036 2377 permixta
1096 2289 1338 2372 sciunt,
1387 2287 1458 2354 id
1517 2287 1695 2377 quod
1752 2289 2227 2375 incompertum
2279 2288 2404 2355 fuit
2464 2282 2859 2354 Marklan'do

707 2395 916 2460 Praes.
982 2417 1044 2482 p.
1106 2391 1309 2478 VIII,
1358 2394 1669 2459 Heinsius
1728 2392 1923 2459 Ovid.
1986 2394 2147 2460 Met.
2217 2394 2320 2459 111.
2388 2392 2511 2460 137
2577 2418 2641 2481 p.
2708 2394 2858 2458 182.

704 2501 1121 2566 Burmannus
1165 2500 1331 2565 Nuc.
1384 2500 1624 2588 131-p.
1672 2499 1823 2565 838.
1919 2498 2187 2565 Cortius
2234 2499 2481 2565 Lucan.
2516 2495 2685 2565 Vm.
2728 2499 2853 2565 741

708 2632 768 2694 p.
817 2606 969 2673 382.
1060 2602 1365 2672 Vorstius
1433 2605 1657 2672 Valer.
1714 2606 1895 2671 Max.
1942 2605 2111 2671 Vlll.
2150 2604 2251 2689 15,
2305 2607 2337 2670 1
2388 2630 2451 2694 p.
2496 2606 2647 2671 347.
2724 2605 2861 2671 Sta-

706 2734 900 2778 verus
945 2704 1112 2800 Nep.
1161 2710 1354 2778 Eum.
1403 2712 1466 2797 4,
1514 2712 1558 2777 4
1601 2736 1669 2799 p.
1704 2712 1855 2795 516,
1904 2712 2291 2777 confirmare
2337 2712 2493 2777 licet
2540 2709 2861 2799 exemplis

713 2818 907 2885 Statii
939 2818 1149 2884 Theb.
1204 2817 1322 2885 VI.
1358 2820 1476 2885 71:
1509 2820 1829 2907 parvique
1862 2827 2224 2904 augescunt
2254 2818 2535 2883 funere
2568 2820 2861 2882 manes.“

709 2924 900 2991 codd.
932 2919 1160 2990 Barth.
1193 2946 1547 2989 munere.
1581 2926 1739 2989 ΧΙΙ.
1762 2923 1881 2990 54:
1931 2945 2234 3013 supremo
2280 2944 2640 2988 munere.
2711 2922 2859 2987 Put.

709 3026 894 3099 Colb.
943 3032 1250 3115 funere.
1341 3028 1625 3095 Juvenci
1668 3029 1750 3093 11.
1799 3029 1965 3097 408:
2012 3028 2264 3096 Ultima
2309 3050 2652 3117 supremae
2700 3028 2861 3093 cele·

706 3137 988 3202 brabant
1029 3157 1363 3200 munera
1407 3157 1715 3222 pompae3
1776 3134 1901 3201 hoc
1947 3137 2119 3204 enim
2164 3136 2232 3200 in
2280 3135 2504 3201 codice
2555 3134 2769 3201 Cortii
2814 3132 2859 3198 l.

711 3243 774 3308 d.
807 3240 1048 3329 legitur
1091 3242 1354 3323 metim,
1403 3262 1596 3329 quam
1653 3242 1955 3306 funera
1999 3240 2259 3307 Fabric.
2292 3265 2357 3330 p.
2390 3240 2543 3306 478.
2576 3240 2656 3305 Β.
2690 3240 2857 3305 Voci

708 3370 823 3413 mo
841 3369 876 3411 e
895 3356 1064 3411 stus
1097 3354 1316 3411 autem
1349 3346 1647 3411 sufficere
1672 3347 1960 3412 mortis
1984 3347 2052 3411 in
2086 3346 2399 3434 expedito
2428 3347 2555 3413 fuit
2584 3354 2861 3434 propter

535 3516 583 3526 ....
707 3454 922 3521 locum
969 3451 1126 3518 Silva
1173 3452 1256 3517 V.
1309 3452 1367 3534 1,
1420 3453 1576 3518 181:
1634 3452 1893 3541 Linquo
1952 3452 2253 3540 equidem
2308 3451 2629 3518 thalamos
2679 3452 2861 3517 salvo

710 3570 934 3625 tamen
983 3556 1214 3623 ordine
1275 3558 1602 3640 maesti,
1671 3556 1867 3641 Quod
1921 3558 2102 3646 prior
2118 3561 2160 3597 “
2220 3582 2261 3624 a
2313 3558 2503 3625 nobis
2562 3558 2753 3624 simul
2798 3568 2866 3624 et

711 3665 1086 3731 Parmensis
1133 3660 1285 3728 libri
1333 3672 1400 3728 et
1444 3662 1892 3750 Rehdigerani
1940 3663 2442 3754 discrepantiast
2500 3688 2565 3730 m
2586 3664 2865 3730 oestiS.

711 3769 1003 3838 montis
1035 3779 1102 3834 et
1133 3768 1324 3855 Eleg.
1359 3768 1440 3834 de
1472 3768 1720 3834 Phoen.
1752 3770 1871 3836 99:
1906 3771 2158 3837 cineres
2188 3772 2258 3837 in
2286 3778 2545 3837 morte
2576 3772 2859 3837 coactos.

713 3878 956 3944 Oxon.
1001 3876 1069 3941 in
1137 3885 1398 3942 monte
1444 3876 1807 3943 recordatis
1853 3878 1971 3948 sic:
2040 3876 2269 3961 „salvo
2337 3884 2559 3943 tamen
2631 3876 2861 3943 ordine

709 3983 1059 4049 mor·tis“
1106 3989 1258 4046 ante
1311 3991 1695 4071 correctum,
1744 4004 1938 4071 qnam
1983 3983 2052 4048 in
2082 3983 2378 4071 margine
2411 3983 2658 4049 codicis
2688 3984 2867 4049 Pari-

715 4089 840 4153 sini
887 4094 1114 4152 extare
1173 4088 1388 4173 ipsum
1446 4090 1731 4154 mortis
1790 4110 2305 4177 consensumque
2352 4088 2613 4155 Imhofii
2656 4080 2727 4178 p]
2783 4090 2863 4154 19

713 4211 1072 4259 nossemus
1103 4190 1306 4257 Recte
1321 4201 1537 4258 autem
1554 4192 2073 4277 dici,‚munera
2095 4196 2376 4262 mortis
2400 4194 2866 4283 Incr·epito“

714 4296 1173 4387 comprobasse
1228 4298 1507 4363 sufficiet
1566 4298 1886 4387 exemplis
1942 4300 2221 4388 primum
2284 4298 2529 4367 Catulli
2596 4299 2744 4384 101,
2792 4302 2864 4365 3:

725 4406 821 4473 Ut
879 4414 947 4471 te
1017 4414 1348 4493 postremo
1421 4401 1727 4471 donarem
1792 4428 1861 4471 m
1876 4428 2119 4471 unere
2192 4407 2494 4473 mortis.
2571 4404 2867 4471 Broukh.
