3234 4967
1348 365 1581 418 Adnot.
1623 365 1717 416 86.
2485 366 2595 429 151

438 571 707 638 tandem
783 595 965 637 arma
1031 570 1211 639 velit.
1227 574 1269 609 “
1402 570 1535 637 Sed
1603 571 1761 636 satis
1847 567 2294 657 exemplorum
2367 570 2436 633 in
2513 569 2604 635 di-

441 701 667 744 versas
741 688 965 767 partes
1041 677 1474 765 spectantium
1552 675 1783 749 ordine
1871 675 2180 762 deinceps
2271 676 2603 767 recensui-

444 808 605 867 mus,
677 806 797 871 per
866 806 1029 873 quae
1100 782 1402 849 euntibus
1462 782 1806 847 videamur
1873 789 2051 845 recte
2121 781 2216 845 sic
2283 762 2596 863 statuere,

443 900 517 955 ut
584 890 691 955 hic
759 890 890 956 dici
960 889 1354 980 arbitremur
1421 889 1706 954 Latias
1775 909 2017 953 voces
2088 884 2266 975 (Sil.
2300 887 2418 953 lX.
2439 888 2598 977 79)

446 1006 513 1062 et
582 984 838 1062 Italos
905 997 1115 1062 ritus
1177 995 1389 1085 (XVI.
1457 996 1568 1059 19.
1629 1003 1728 1059 tot
1787 994 2052 1059 dissona
2119 991 2402 1080 lingua
2470 993 2606 1080 Ag-

442 1104 641 1187 mina,
712 1100 1059 1168 barbarico
1127 1112 1226 1168 tot
1295 1101 1741 1167 discordantia
1797 1101 1960 1166 ritu
2031 1098 2254 1192 &orda
2317 1102 2600 1167 virum.“

448 1207 790 1274 Claudian.
838 1206 881 1272 l.
931 1209 1049 1297 d.)‚
1106 1209 1389 1297 insignia
1434 1190 1830 1289 documenta
1876 1208 2063 1297 pueri
2110 1206 2306 1291 domi,
2357 1230 2488 1272 non
2537 1209 2605 1275 in

446 1315 672 1381 Africa
717 1316 877 1381 nati.

624 1526 972 1616 Reliquum
1019 1550 1283 1595 carmen
1326 1528 1520 1612 facta,
1567 1535 1640 1594 ut
1686 1550 1810 1614 ego
1843 1525 2148 1613 arbitror,
2197 1527 2388 1619 unius
2419 1527 2599 1593 sche-

448 1634 593 1718 dae,
643 1656 807 1724 quae
840 1633 1169 1701 Silvarum
1200 1634 1507 1702 volumen
1540 1632 1944 1717 excluderet,
1991 1631 2362 1699 revulsione
2407 1634 2599 1701 inter-

448 1752 710 1830 ceptum
771 1752 890 1809 est.
982 1744 1123 1809 Nec
1157 1745 1300 1833 jam
1345 1744 1766 1831 interpretor,
1826 1764 2020 1832 quam
2067 1764 2223 1806 vere
2271 1741 2602 1825 existima-

458 1850 623 1914 verit
666 1848 977 1917 Barthius
1023 1848 1375 1915 Animadv.
1422 1872 1487 1937 p.
1536 1848 1670 1913 500
1714 1846 1986 1932 „videri
2030 1857 2290 1935 mortuo
2343 1846 2604 1913 demum
2691 1930 2696 1934 ι

449 1964 715 2021 auctore
765 1954 889 2020 hoc
935 1976 1200 2021 carmen
1247 1954 1493 2021 editum
1540 1976 1814 2048 eamque
1876 1952 1959 2019 ob
2006 1975 2266 2019 causam
2314 1964 2386 2029 et*
2425 1978 2602 2036 man-

450 2084 595 2127 cum
651 2070 723 2126 et
772 2060 942 2127 male
1003 2061 1256 2128 mendis
1318 2064 1730 2153 inquinatum
1747 2066 1820 2103 “·
1803 2112 1821 2148 ,
1869 2060 2030 2127 illud
2077 2061 2342 2149 quidem
2387 2063 2606 2127 certis·

451 2168 683 2233 simum
742 2177 842 2233 est
901 2190 1122 2235 errare
1182 2190 1331 2235 cum
1375 2168 1668 2259 Domitio
1716 2166 2024 2234 Silv.11.
2089 2169 2148 2251 1,
2205 2170 2292 2235 33
2338 2192 2404 2256 p.
2452 2169 2605 2245 209.

451 2274 529 2339 Β.
585 2274 931 2340 Barthimn
990 2298 1054 2363 p.
1111 2274 1244 2339 500
1304 2284 1371 2341 et
1436 2274 1561 2341 168
1625 2298 1723 2362 sq.
1786 2273 2138 2340 arbitratos
2207 2295 2342 2341 non
2405 2272 2604 2347 modo

451 2379 824 2468 Epicedion
876 2383 1107 2470 patris,
1178 2380 1296 2448 sed
1368 2382 1565 2449 etiam
1634 2380 1780 2467 hoc,
1849 2380 2025 2469 quod
2093 2402 2304 2471 puero
2363 2402 2608 2447 vernae

454 2488 771 2575 scriptum
816 2472 933 2571 est,
998 2512 1037 2553 a
1082 2487 1295 2555 Statio
1342 2510 1480 2553 non⁴
1518 2485 1836 2577 perplexe
1885 2485 2241 2572 significari
2287 2486 2367 2553 iis
2412 2486 2610 2553 versi·

451 2592 593 2678 bue,
641 2616 803 2682 quos
852 2616 1077 2661 omnes
1112 2595 1255 2683 jam
1302 2602 1777 2660 consenserunt
1806 2630 1892 2641 -—
1921 2616 2072 2660 nam
2103 2594 2292 2657 mitto
2327 2591 2610 2674 Queckii

452 2699 797 2765 mirificum
833 2682 1157 2789 judicium
1205 2739 1294 2751 -
1339 2702 1433 2766 sic
1489 2700 1848 2789 antiquitus
1893 2698 2191 2787 proditos
2247 2720 2425 2779 esse:
2481 2721 2608 2785 ego

442 2808 641 2895 juxta
698 2806 894 2873 busta
952 2806 1237 2895 profusis
1290 2806 1614 2873 Matribus
1675 2815 1870 2895 atque
1927 2806 2054 2895 piis
2116 2805 2323 2871 cecini
2377 2803 2612 2871 solatia

452 2914 625 2977 natis
669 2903 775 2978 Et
817 2913 1043 2998 mihi,
1102 2935 1301 3002 quum
1345 2914 1734 3003 proprios
1781 2932 2182 2999 geme-rem
2233 2910 2611 2978 defectus

455 3019 551 3086 ad
618 3020 853 3105 ignes
923 3019 1188 3109 (Quem,
1261 3018 1574 3109 Naturai)
1643 3022 2015 3108 patrem“
2073 3019 2151 3084 cf.
2220 3018 2326 3083 lu,
2373 3020 2436 3102 3,
2497 3018 2608 3084 40.

454 3126 594 3191 Nec
639 3127 851 3213 magis
898 3148 1165 3215 quaem,
1215 3148 1411 3215 quam
1456 3122 1885 3213 probabiliter
1925 3126 2105 3191 visus
2150 3124 2348 3205 fuerit
2385 3124 2606 3190 Mark-

456 3227 655 3299 lando
710 3255 778 3319 p.
837 3232 972 3297 404
1032 3242 1098 3298 et
1155 3256 1221 3299 v.
1284 3232 1371 3297 84
1418 3255 1485 3320 p.
1532 3231 1664 3297 412
1711 3230 1850 3321 (cui
1895 3230 2106 3297 credit
2153 3230 2492 3315 Queckius
2535 3255 2602 3319 p.

456 3336 761 3424 XXVII)
791 3338 1245 3427 imperfectam
1274 3338 1446 3405 hanc
1478 3337 1774 3425 eclogam
1805 3340 1948 3427 ipse
1972 3338 2220 3406 Statius
2245 3337 2608 3427 reliquisse.

456 3442 708 3509 Verum
767 3466 901 3510 non
962 3454 1063 3511 est
1124 3445 1380 3514 silentio
1438 3445 2096 3535 praetermittendum
2142 3444 2469 3536 judicium
2527 3446 2610 3513 ab

458 3548 692 3615 eodem
748 3550 1143 3619 Marklando
1203 3553 1468 3637 factum,
1524 3551 1885 3630 Duebnero
1942 3576 2009 3641 p.
2058 3553 2188 3619 292
2241 3552 2607 3640 probatum.

457 3655 811 3742 Misella,
856 3660 1088 3747 inquit,
1133 3658 1339 3726 haec
1384 3657 1700 3745 ecloga,
1747 3657 2245 3725 ultimainter
2275 3660 2610 3727 Statianas

456 3772 591 3829 tam
639 3763 867 3830 ordine
914 3786 1109 3855 quam
1156 3767 1415 3851 genio.
1446 3804 1535 3815 —-
1578 3765 1752 3831 Tota
1798 3775 1899 3831 est
1944 3768 2609 3855 corruptissima,

458 3858 653 3957 quam
686 3870 769 3937 ob
800 3892 939 3936 rem
970 3870 1336 3961 plusculum
1365 3872 1525 3937 mihi
1554 3874 1625 3937 in
1654 3870 1832 3938 illam
1862 3873 2128 3961 permisi
2159 3871 2609 3958 libertatis,

458 3998 653 4063 quam
720 3986 941 4043 tamen
1010 3978 1282 4045 eruditis
1360 4001 1463 4045 me
1546 3979 2062 4068 approbaturum
2124 4001 2266 4045 esse
2342 4002 2554 4068 spero.
2571 3985 2613 4019 “

455 4082 780 4148 Nimirum
846 4083 1009 4151 haec
1075 4086 1133 4151 is
1203 4085 1381 4169 dicit,
1452 4085 1565 4174 qui
1628 4084 1835 4159 multa
1911 4109 2154 4174 magno
2221 4096 2463 4153 conatu
2524 4096 2608 4171 et,

456 4188 526 4256 id
553 4189 735 4279 quod
764 4190 835 4254 in
872 4191 1351 4257 modestissimo
1396 4191 1660 4257 homine
1715 4214 1922 4281 prope
1969 4194 2156 4281 piget
2201 4194 2472 4277 referre,
2521 4194 2613 4258 ni-

454 4296 585 4359 mio
633 4297 733 4361 sui
780 4307 1083 4387 suspectu
1130 4296 1243 4387 (cf.
1288 4320 1354 4365 v.
1404 4300 1514 4365 13.
1560 4298 1672 4364 30.
1718 4300 1825 4364 32.
1874 4300 1976 4364 33.
2029 4298 2134 4365 52.
2185 4298 2300 4389 84)
2347 4298 2612 4365 molitus

455 4402 623 4469 adeo
688 4402 920 4470 devius
984 4406 1125 4491 fuit,
1197 4412 1270 4469 ut
1344 4427 1539 4485 unam
1598 4404 1683 4471 ab
1731 4428 1809 4471 eo
1857 4427 2014 4472 vere
2063 4406 2432 4473 restitutam
2480 4427 2610 4471 non
