3234 4967
648 343 736 412 92
1553 346 1896 401 Adnot.55

650 563 944 622 acuunt
988 591 1076 604 «-
1122 554 1372 621 semina
1415 553 1662 622 bulbi‘e
1713 554 1983 645 Coripp.
2040 555 2150 621 Jo.
2196 554 2240 619 l.
2299 553 2456 623 437:
2504 561 2799 620 acuunt

649 660 1039 729 stridoribus
1086 660 1361 727 hostes
1406 661 1489 726 cf.
1538 661 1680 727 Vll.
1748 661 1899 729 277.
1950 661 2032 726 76
2078 671 2407 728 mentes.
2453 662 2536 727 91
2598 660 2795 742 iras,

647 778 723 834 ut
765 769 932 836 Stat.
981 767 1188 834 Theb.
1237 767 1326 834 ΙΙ.
1373 769 1526 833 331.
1558 766 1721 834 Pan.
1754 767 2041 855 Bereng.
2090 767 2135 832 l.
2174 768 2322 833 164.
2354 766 2627 856 Joseph.
2658 766 2795 834 Jsc.

652 876 708 939 1.
762 876 908 940 209.
959 874 1036 940 of.
1087 875 1170 942 V.
1225 875 1371 940 123.
1415 872 1567 939 add.
1603 872 1827 940 adnot.
1860 872 2093 962 Eelog.
2140 897 2203 940 v.
2252 874 2335 940 27
2384 897 2450 962 p.
2498 873 2615 964 43)
2649 875 2794 962 quis

647 991 746 1047 est
792 980 949 1070 quin
996 981 1235 1047 sentiat
1279 1003 1358 1047 ae
1404 979 1769 1046 concedat?

1593 1215 1681 1294 V.
1742 1217 1852 1296 57.

820 1397 1177 1482 „Dinon
1226 1398 1456 1464 Statim
1504 1419 1751 1486 repone
1798 1397 2039 1464 Dicar
2084 1392 2154 1463 id
2199 1405 2299 1462 est
2347 1394 2476 1462 diei
2523 1395 2786 1484 possim.

643 1503 790 1568 Hoc
838 1526 1064 1569 sensus
1110 1503 1417 1592 postulat.
1468 1503 1667 1572 ovid.
1717 1503 1861 1570 Art.
1911 1502 2060 1572 Am.
2108 1501 2227 1570 ΙΙΙ.
2280 1501 2435 1568 1153
2499 1499 2791 1568 Alterius

645 1608 868 1676 dieas
915 1609 1032 1676 illa
1076 1610 1274 1676 fuisse
1320 1611 1511 1678 Jovis
1557 1608 1627 1678 id
1685 1620 1785 1676 est
1852 1609 2072 1678 dieere
2142 1609 2374 1698 possis.
2469 1607 2578 1674 Sic
2646 1606 2789 1676 Cal.

642 1714 802 1779 Deo.
863 1713 969 1800 55,
1038 1725 1235 1803 prout
1299 1715 1677 1802 legendum,
1728 1715 2045 1782 eredas.
2137 1712 2465 1802 Exempla
2530 1712 2787 1804 ubique.

641 1820 751 1887 Sie
797 1821 1182 1887 devincas
1252 1821 1422 1887 infra
1466 1845 1529 1886 v.
1579 1821 1687 1906 63,
1736 1821 1851 1888 ubi
1894 1820 2063 1887 male
2110 1822 2325 1888 Parm.
2376 1819 2784 1885 devinces.“

641 1926 830 1991 Haeo
873 1925 1335 2008 Marklandus,
1407 1949 1601 2015 quem
1664 1927 1922 2017 sequuti
1980 1936 2131 1995 sunt
2176 1927 2567 1996 Duebnerus
2615 1927 2785 2010 Que-

645 2030 981 2122 ekiusque.
1076 2033 1256 2116 Quos
1320 2033 1389 2098 in
1443 2055 1666 2100 errore
1714 2055 1845 2101 non
1911 2033 2047 2100 levi
2103 2035 2350 2100 versari
2404 2031 2788 2121 intelligitur

641 2161 726 2204 ex
771 2139 884 2224 iis,
934 2161 1100 2228 quae
1159 2139 1467 2206 disseruit
1525 2139 1828 2208 Handius
1883 2139 2159 2207 Tursell.
2206 2139 2332 2208 III.
2380 2164 2445 2231 p.
2518 2139 2646 2207 722
2694 2163 2789 2228 sq.

604 2270 610 2276 ·
652 2244 850 2312 Certe
907 2245 1378 2313 intendendum
1435 2246 1651 2314 fuerat
1707 2244 1830 2336 (of.
1880 2247 2104 2314 adnot.
2151 2271 2215 2313 v.
2264 2246 2383 2339 58)
2454 2246 2793 2314 Ciceronis

653 2353 870 2442 potius
919 2351 1221 2442 exemplo
1267 2351 1424 2419 Div.
1471 2353 1539 2418 in
1587 2353 1784 2420 Caeo.
1822 2353 1925 2438 12,
1971 2353 2086 2424 4οε
2136 2353 2489 2421 fortasse
2539 2352 2789 2420 dioesz

644 2457 848 2548 quid?
916 2480 1076 2546 ergo
1137 2457 1300 2524 haee
1347 2459 1416 2524 in
1459 2468 1524 2525 te
1573 2468 1723 2525 sunt
1773 2459 2099 2542 omnia?“,
2159 2482 2351 2549 quam
2395 2458 2491 2526 illi
2559 2458 2785 2528 Ovidii

642 2564 806 2648 loeo,
855 2586 981 2654 quo
1028 2588 1182 2632 usus
1229 2575 1330 2631 est
1374 2564 1792 2633 Burmannus
1824 2565 2019 2634 Rutil.
2066 2566 2150 2633 It.
2197 2567 2253 2633 Ι.
2285 2567 2371 2633 99
2403 2590 2467 2656 p.
2501 2567 2607 2650 37,
2655 2577 2789 2649 aut,

641 2682 717 2738 ut
746 2671 919 2738 huno
949 2670 1211 2756 addam,
1238 2671 1527 2739 Martiali
1557 2672 1641 2739 V.
1681 2673 1783 2758 18,
1816 2671 1885 2737 5:
1918 2672 2229 2739 Fortasse
2261 2697 2497 2740 avarus
2527 2671 2793 2739 videar

655 2775 819 2867 (Pal.
871 2777 1060 2845 Grut.
1133 2778 1424 2869 videor)
1494 2788 1609 2846 aut
1675 2778 2108 2845 inhumanus“
2176 2788 2244 2845 et
2287 2779 2460 2846 Xlll.
2509 2779 2625 2848 56:
2694 2779 2789 2844 Te

648 2885 911 2950 fortuna
953 2884 1163 2972 magis
1209 2886 1500 2974 capiat“
1549 2883 1704 2973 (hoe
1752 2885 1923 2951 enim
1954 2884 2127 2951 idem
2158 2885 2296 2954 Pal.
2336 2895 2601 2976 praeter
2630 2883 2793 2950 alios

645 2990 878 3080 tenet).
911 2989 1140 3079 Neque
1167 2990 1470 3056 lmhofius
1493 2988 1536 3054 l.
1563 2989 1627 3056 d.
1654 3015 1717 3080 p.
1745 2991 1832 3056 32
1856 3013 1987 3057 non
2019 2991 2288 3058 retinuit
2303 2992 2377 3058 di
2394 3015 2541 3058 eor.
2594 2989 2790 3073 Quod

646 3081 873 3164 rerum
923 3117 1064 3162 esse
1113 3118 1244 3162 non
1289 3094 1456 3162 latet
1501 3119 1623 3185 per
1668 3097 2059 3164 sententiam
2105 3107 2173 3164 et
2216 3121 2447 3166 versus
2491 3098 2787 3188 proxime

651 3203 1004 3293 superioris
1039 3203 1180 3290 jam
1226 3203 1512 3268 restitut-i
1560 3211 1626 3269 et
1673 3223 1902 3268 versus
1948 3201 2035 3267 65
2080 3226 2174 3291 sq.

1580 3437 1666 3516 V.
1725 3440 1845 3520 58.

815 3618 1248 3702 „Quisnam
1317 3629 1580 3685 autem
1652 3659 1736 3668 —-
1796 3619 2273 3710 reprendit.)
2342 3619 2650 3710 Erumpit
2717 3621 2784 3685 in

641 3723 1086 3791 defensionem
1132 3721 1344 3792 luctus
1392 3726 1511 3791 sui.
1585 3725 1870 3792 Omnino
1930 3749 2089 3792 vero
2138 3725 2551 3794 scribendum
2600 3726 2785 3811 Quis-

635 3854 864 3919 quam
943 3840 1181 3898 autem.
1297 3832 1504 3915 Quasi
1559 3834 1712 3922 jure
1783 3831 1907 3898 hoo
1973 3855 2166 3899 nemo
2240 3833 2457 3898 faeere
2533 3833 2783 3921 possit“

633 3938 865 4005 Barth.
913 3963 978 4028 p.
1003 3939 1133 4006 506
1168 3948 1234 4004 et
1257 3937 1536 4005 Emend.
1565 3939 1647 4030 [p.
1698 3939 1782 4029 ·1].
1824 3940 1956 4023 Qui
1976 3939 2316 4007 immemor
2348 3938 2471 4004 fuit
2504 3940 2783 4029 primum

639 4067 884 4116 eorum.
920 4067 1086 4133 quae
1135 4045 1431 4134 proxime
1466 4045 1762 4135 subjecta
1790 4054 1941 4112 sunt
1962 4069 2025 4112 v.
2054 4046 2141 4111 60
2177 4069 2293 4136 sq„
2330 4055 2397 4112 et
2436 4046 2549 4113 65:
2597 4047 2782 4133 „ille

636 4172 1009 4234 severus,
1084 4151 1474 4242 Quisquis
1521 4152 1585 4218 is
1634 4155 1832 4236 est‚“
1904 4151 2141 4218 deinde
2200 4152 2465 4241 Virgilii
2512 4152 2679 4220 Aen.
2728 4153 2781 4220 I.

633 4258 754 4323 48:
823 4265 948 4342 „et
1005 4257 1344 4346 quisquam
1397 4280 1641 4325 numen
1700 4258 1965 4326 lunonis
2028 4257 2355 4327 adoret“
2423 4261 2505 4326 of.
2578 4259 2782 4328 Gron.

639 4363 791 4430 Sen.
840 4361 1109 4450 Thyest.
1157 4361 1288 4426 546
1338 4387 1398 4450 p.
1455 4365 1572 4429 141
1631 4375 1828 4453 atque
1868 4387 2090 4432 eorum
2121 4364 2431 4450 locorum,
2481 4367 2591 4456 qui
2640 4376 2789 4433 sunt
