3234 4967
655 410 737 478 54
1532 412 1916 466 Adsunt-34.

623 618 792 699 „412
836 642 902 707 p.
953 619 1102 684 780.
1197 618 1487 685 Gronov.
1547 616 1739 684 Obss.
1785 616 2040 683 Eccles.
2096 616 2357 684 XXIV.
2400 643 2466 707 p.
2516 612 2646 685 268
2694 616 2809 687 Sil.

657 723 820 791 XII.
856 724 1384 813 72lzpascere
1432 730 1621 791 iras.
1685 722 1839 788 VII.
1870 723 2000 789 497
2048 724 2385 790 nutrire
2433 722 2810 791 furorem.

658 830 810 897 Seu.
842 830 1040 897 Herc.
1087 828 1236 896 Oet.
1284 830 1414 895 448
1465 829 1829 895 dolorem
1876 850 2250 917 pascere.
2321 828 2448 897 351
2499 830 2811 897 fovere.

657 934 886 1003 Heius.
935 932 1108 1002 Adv.
1160 937 1206 1003 1.
1245 937 1331 1002 ’11
1381 952 1446 1023 Ρ·.
1497 937 1624 1001 119
1671 945 1739 1001 et
1768 936 1843 1001 n.
1878 939 1921 1001 2
1962 960 2030 1025 p.
2064 936 2195 1001 212
2226 944 2294 1002 et
2326 934 2671 1003 Claudian.
2704 937 2829 1002 Pr.⁴

662 1040 859 1111 Cous.
893 1040 1036 1109 Stil.
1068 1040 1158 1108 H.
1198 1040 1322 1107 115
1355 1062 1415 1129 p.
1444 1041 1577 1107 384
1609 1052 1676 1107 et
1698 1040 1811 1108 Sil.
1839 1042 1950 1107 lv.
1980 1041 2108 1117 724
2139 1065 2206 1130 p.
2238 1043 2367 1108 233
2402 1043 2551 1131 ιφ),
2587 1041 2814 1110 Cortio

659 1149 908 1215 Lucan.
971 1149 1044 1213 n.
1105 1147 1195 1212 42
1254 1170 1317 1235 Ρ.
1372 1148 1530 1217 190:
1589 1147 1895 1231 „mallem
1954 1146 2391 1214 stimulare
2455 1146 2815 1232 dolorem,“

660 1252 890 1321 maluit
936 1253 1331 1337 Gronovius,
1382 1276 1664 1342 quocum
1710 1254 1869 1321 facit
1910 1252 2226 1321 Imhofius
2272 1252 2315 1319 l.
2348 1254 2413 1320 d.
2460 1275 2526 1342 p.
2558 1256 2675 1340 32,
2722 1255 2816 1321 sic

663 1381 962 1443 servare,
1017 1368 1092 1425 ut
1147 1369 1298 1425 sunt
1355 1359 1538 1427 libris
1597 1360 1880 1449 prodita.
1970 1359 2342 1425 Laudare
2412 1360 2813 1444 dolorem,

661 1464 891 1555 inquit,
925 1465 1115 1550 dixit,
1161 1467 1316 1555 quia
1345 1466 1651 1532 nimirum
1680 1468 1750 1532 in
1782 1464 2010 1532 dolore
2043 1486 2161 1531 seu
2191 1464 2374 1531 luctu
2421 1466 2817 1534 laudabatur

663 1572 1027 1639 defunctus.
1123 1572 1498 1638 Laudare
1543 1572 1819 1638 verbum
1866 1572 2162 1638 funebre.
2210 1610 2299 1622 ——
2343 1572 2624 1639 Fabiust
2685 1566 2817 1638 de-

660 1679 992 1745 functus
1037 1672 1546 1745 laudaberis.
1627 1678 1785 1746 lnde
1813 1678 2095 1748 Statius:
2141 1680 2473 1771 incompte
2503 1680 2813 1745 miserum

660 1784 932 1852 laudare
991 1784 1280 1851 furorem
1337 1782 1407 1849 id
1451 1793 1553 1851 est
1614 1786 1943 1874 incompte
2000 1784 2272 1851 laudare
2322 1785 2698 1850 defunctum
2744 1784 2813 1847 in
2902 1804 2907 1809 ·

665 1890 891 1957 dolore
940 1888 1048 1955 vel
1103 1914 1225 1980 per
1279 1888 1571 1957 dolorem
1628 1874 2003 1958 niiserumf‘
2096 1892 2221 1959 Cui
2266 1891 2549 1957 occurrit
2594 1886 2813 1955 Mark-

663 1996 900 2063 landus
945 1995 1067 2080 his,
1114 2018 1284 2084 quae
1327 1997 1635 2087 probavit
1664 1997 2090 2065 Duebne'rus:
2138 1998 2333 2083 „Non
2379 1994 2552 2063 stare
2598 2003 2816 2085 potest

664 2104 828 2169 haec
873 2102 1247 2193 explicatiO.
1320 2104 1608 2169 Primum
1656 2105 1830 2171 enim
1870 2102 2217 2183 laudare
2265 2101 2641 2169 dolorem
2683 2122 2817 2166 non

665 2218 767 2275 est
825 2209 1097 2277 laudare
1170 2230 1319 2299 per
1379 2208 1749 2275 dolorem
1809 2209 1919 2278 vel
1984 2210 2065 2276 in
2135 2207 2455 2292 dolore,
2520 2205 2696 2297 quod
2763 2202 2817 2272 s'i

664 2314 984 2382 voluisset
1051 2316 1300 2382 Statius
1319 2365 1337 2399 ,
1403 2315 1681 2382 dixisset
1750 2316 2109 2383 incomto
2184 2317 2491 2381 miserum
2547 2312 2817 2380 laudare

667 2420 995 2505 dolore,
1042 2442 1176 2487 non
1223 2421 1596 2490 dolorem.
1690 2418 1831 2487 Nec
1888 2420 1971 2487 de
2020 2420 2331 2487 defuncto·
2376 2420 2486 2486 hic
2530 2418 2819 2509 loquitur

665 2528 935 2611 Statius,
983 2527 1100 2594 sed
1146 2528 1228 2594 de
1277 2550 1347 2593 se
1379 2528 1522 2617 ipso
1569 2550 1694 2617 per
1722 2536 1933 2594 totum
1976 2526 2221 2594 locum:
2266 2525 2611 2593 laudare
2658 2546 2817 2612 ergo

668 2634 1032 2701 dolorem
1079 2643 1182 2701 est
1215 2658 1436 2701 suum
1469 2632 1787 2718 dolorem,
1821 2633 1999 2723 quod
2028 2642 2249 2699 tamen
2280 2652 2542 2698 sensum
2572 2628 2819 2697 nullum

665 2740 885 2807 habet.
976 2740 1262 2807 Proinde
1332 2740 1699 2829 depravata
1772 2748 1873 2805 est
1942 2762 2076 2805 vox
2133 2738 2417 2805 laudat
2430 2758 2487 2803 e.
2582 2736 2820 2804 Omnia

668 2868 828 2912 sana
871 2846 992 2912 tibi
1041 2846 1354 2935 sponde0,
1406 2846 1460 2911 si
1505 2846 1776 2911 minima
1820 2846 2181 2913 mutatione
2228 2843 2445 2931 legas}
2506 2842 2816 2910 nudare

669 2950 960 3019 dolorem
1017 2950 1088 3018 id
1147 2962 1247 3018 est
1301 2950 1473 3017 ultro
1511 2952 1886 3018 'ostendere
1955 2960 2023 3017 et
2078 2950 2375 3039 profiteri
2444 2959 2511 3015 et
2568 2950 2819 3015 cunctis

665 3068 894 3125 notum
948 3059 1168 3126 facere
1225 3056 1517 3124 dolorem
1577 3080 1796 3125 meum
1867 3057 2124 3125 duobus
2184 3054 2397 3123 modis
2456 3052 2815 3122 illaudabili

667 3166 954 3231 carmine
1003 3172 1070 3230 et
1116 3162 1436 3251 squalore,
1485 3163 1662 3229 unde
1711 3164 2005 3252 sequitur
2049 3172 2453 3252 cantuque
2500 3158 2819 3228 habitu-

671 3294 820 3360 que
879 3270 1300 3336 nefastum.
1363 3308 1453 3321 --
1487 3256 1694 3335 ⁴Haec
1766 3270 2225 3358 interpretatio
2284 3270 2627 3334 verissima
2698 3276 2816 3350 est,

671 3378 1048 3466 conjectura
1093 3396 1252 3441 vero
1301 3372 1647 3441 simillima.
1704 3414 1793 3425 —-
1848 3374 1977 3442 Pro
2035 3376 2387 3441 incomte
2442 3375 2659 3441 Parm.
2706 3374 2821 3439 in-

672 3504 709 3547 c
727 3483 981 3549 omite.
1073 3480 1143 3547 Si
1185 3504 1427 3547 novam
1472 3502 1705 3546 vocem
1765 3480 2016 3569 fingere
2076 3480 2337 3563 liceret,
2396 3480 2639 3569 optime
2695 3479 2821 3545 hoc

670 3587 814 3654 loco
875 3588 1243 3677 scripsisset
1302 3586 1548 3654 Statius
1605 3588 1985 3653 incomtu.
2079 3585 2407 3654 Comtus
2464 3594 2636 3651 esset
2696 3608 2820 3652 or-

671 3703 941 3778 natus,
997 3697 1180 3784 cujus
1237 3694 1636 3760 contrarium
1709 3702 1882 3760 esset
1940 3692 2378 3759 incomtus.
2470 3690 2605 3758 Sed
2658 3689 2821 3757 nihil

673 3801 812 3867 sine
859 3800 1178 3890 exemplis
1225 3800 1771 3867 admittendum.“
1848 3799 2101 3867 Omitto
2132 3796 2527 3866 vocabulum
2560 3797 2820 3864 sinistre

671 3907 914 3991 fictum,
964 3908 1190 3974 omitto
1220 3906 1558 3973 levitatem
1602 3929 1735 3972 non
1765 3905 2175 3973 recordantis
2207 3903 2499 3972 dolorem
2531 3925 2572 3969 a
2601 3901 2821 3969 multis

673 4012 805 4083 dici
836 4013 1080 4080 doloris
1111 4034 1410 4087 caussam
1461 4010 1689 4102 (ovid.
1723 4013 1914 4080 Pont.
1947 4015 2052 4080 ΙΙΙ.
2084 4014 2148 4097 3,
2183 4010 2287 4079 73.
2318 4010 2475 4077 Her.
2510 4010 2636 4076 XI.
2674 4010 2821 4075 111.

639 4120 642 4125 ’
673 4118 868 4185 XIII.
907 4120 1052 4185 104.
1086 4118 1294 4187 Sinid.
1342 4140 1486 4208 cap.
1529 4118 1613 4183 V.
1649 4120 1692 4184 2
1722 4120 1800 4207 p.
1834 4120 1919 4185 88
1968 4118 2049 4183 cf.
2084 4116 2396 4185 Obrecht.
2428 4114 2607 4183 Dict.
2640 4114 2821 4183 Oret.

673 4224 720 4289 Ι.
767 4223 812 4289 5
856 4248 922 4314 p.
970 4224 1078 4291 26.
1124 4224 1351 4291 Burm.
1399 4223 1647 4291 Lucan.
1705 4224 1779 4289 11.
1840 4224 1971 4291 266
2026 4248 2092 4313 Ρ.
2146 4223 2334 4313 102);
2394 4244 2524 4290 non
2586 4221 2821 4287 omitto

669 4332 863 4395 'usum
923 4330 1110 4397 verbi
1165 4354 1290 4397 nec
1351 4330 1669 4418 exemplis
1724 4330 2101 4396 Nemesiani
2160 4329 2305 4395 Ecl.
2351 4329 2468 4395 IV.
2522 4329 2635 4394 11:
2692 4347 2824 4393 nu·

677 4436 979 4503 darunt
1041 4435 1400 4503 vulnera.
1471 4436 1721 4504 Ovidii
1767 4434 1916 4501 Am.
1967 4436 2041 4501 Π.
2090 4434 2152 4521 5,
2202 4437 2278 4501 5:
2336 4434 2651 4500 nudant
2708 4444 2825 4500 tua
