3234 4967
729 597 945 670 Orbus
984 624 1130 696 ego,
1207 599 1347 670 Huc
1384 614 1606 698 patres
1645 616 1710 675 et
1744 616 1974 700 aperto
2013 619 2281 702 pectore
2319 621 2563 680 matres

728 718 1146 790 Conveniunt.
1223 716 1542 816 Myrrham
1583 720 1815 794 loculis
1856 737 1920 795 et
1955 725 2245 821 germina
2284 725 2471 816 ferte,
2530 817 2534 821 .

728 835 797 910 Si
837 863 964 936 qua
1003 838 1126 910 sub
1165 837 1474 911 uberibus
1511 839 1726 938 plenis
1762 842 1846 914 ad
1886 843 2110 916 funera
2150 858 2337 918 natos
2712 864 2769 914 15

728 958 875 1055 lpsa
914 957 1120 1056 gradu
1163 957 1419 1030 labente
1456 958 1597 1031 tulit
1633 961 2093 1061 madidumque
2131 964 2369 1036 cecidit

733 1079 969 1151 Pectus
1008 1091 1072 1150 et
1107 1078 1414 1151 ardentes
1453 1081 1748 1152 restinxit
1786 1079 1953 1154 lacte
1991 1081 2279 1156 favillas:

730 1198 1042 1296 Quisquis
1079 1197 1296 1271 adhuc
1333 1210 1599 1271 tenerae
1638 1200 1958 1298 signatam
1996 1201 2157 1276 flore
2186 1204 2496 1300 juventae

730 1317 1046 1390 Immersit
1082 1317 1282 1390 cineri
1321 1317 1615 1390 subolem
1657 1319 1997 1419 primaque
2024 1321 2309 1420 jacentis

731 1435 1016 1536 Serpere
1055 1435 1357 1509 crudeles
1397 1436 1549 1509 vidit
1585 1437 1889 1536 lanugine
1926 1438 2243 1536 flammas,
2706 1459 2771 1508 20

732 1557 916 1628 Adsit
953 1568 1019 1630 et
1052 1554 1303 1629 alterno
1340 1580 1592 1628 mecum
1634 1553 1921 1630 cla'more
1958 1560 2248 1634 fatiscat:

730 1676 1037 1748 Vincetur
1075 1673 1358 1746 lacrimis
1396 1688 1460 1746 et
1496 1687 1581 1764 te,
1617 1675 1881 1766 Natura³
1918 1679 2206 1774 pudebit.

731 1796 936 1868 Tanta
975 1794 1128 1866 mihi
1168 1792 1413 1884 feritaS‚
1453 1807 1627 1865 tanta
1666 1809 1767 1867 est
1804 1796 2055 1868 insania
2094 1796 2325 1870 luctus.

679 2005 688 2010 .
735 1917 872 1988 Hoc
908 1939 1169 2013 quoque
1208 1937 1352 1986 cum
1391 1911 1643 1986 eluctor
1680 1913 1949 1988 terdena
1988 1914 2133 1988 luce
2170 1931 2396 2014 parata

733 2033 1016 2106 Acclinis
1055 2031 1321 2123 tumulo,
1360 2057 1665 2104 numeros
1704 2034 1767 2104 in
1808 2034 2078 2107 crimina
2115 2050 2297 2108 verto
2709 2054 2775 2103 25

732 2153 1216 2251 Discordesque
1254 2153 1487 2226 modos
1525 2167 1590 2224 et
1627 2153 2047 2252 singultantia
2084 2156 2279 2229 verba

631 2407 836 2465 Markl.
859 2427 904 2463 v.
926 2409 1006 2462 14.
1041 2408 1388 2468 Conveniunt,
1411 2409 1695 2478 crinesque
1722 2410 1866 2477 rogis
1895 2415 1947 2461 et
1972 2425 2189 2462 munera
2216 2410 2365 2463 ferte.
2406 2409 2471 2461 18
2495 2426 2576 2479 sq.
2596 2410 2772 2478 signa·

849 2502 958 2548 tum
996 2494 1126 2546 flore
1155 2493 1404 2561 juventae
1441 2489 1705 2546 Immersit
1740 2495 1905 2547 cineri
1935 2479 2201 2561 juvenem.
2276 2493 2359 2546 24.
2410 2493 2524 2548 Hoc
2560 2510 2773 2565 quoque

851 2597 970 2634 eum
1008 2582 1060 2632 in
1098 2579 1122 2606 *
1149 2579 1172 2605 *
1199 2579 1224 2606 ⁴¹
1261 2586 1342 2632 ter
1377 2579 1514 2632 dena
1553 2578 1671 2632 luce
1709 2586 1939 2648 peracta.
2003 2581 2085 2632 25.
2124 2579 2294 2632 luctus
2331 2580 2383 2632 in
2421 2581 2673 2634 carmina.

643 2803 772 2862 Var.
843 2821 891 2858 v.
929 2803 1009 2856 14.
1048 2805 1442 2872 cineresque
1478 2803 1907 2872 (cineremque)
1954 2801 2181 2855 oculis
2230 2809 2280 2856 et
2318 2804 2583 2856 carmina
2622 2801 2777 2857 codd.

851 2905 936 2959 ap.
973 2885 1171 2956 Imhof.
1204 2901 1259 2956 p.
1297 2885 1380 2939 23.
1417 2888 1792 2957 crinemque
1828 2887 1997 2941 oculis
2034 2894 2088 2941 et
2123 2888 2394 2941 crimina
2426 2884 2599 2941 Retia.
2635 2890 2780 2942 eine-

855 2989 1073 3044 remque
1112 2974 1303 3040 rogis
1345 2967 1531 3025 Heius.
1568 2973 1888 3042 crinesque
1926 2975 2073 3040 rogis
2106 2969 2316 3027 Markl.
2373 2974 2453 3026 17.
2492 2975 2781 3026 restinxit

850 3056 996 3128 vuly.
1035 3055 1237 3112 salisb.
1289 3058 1616 3111 restrinxit
1664 3054 1819 3110 codd.
1855 3053 2063 3112 Domit.
2101 3055 2271 3112 Rem.
2310 3055 2496 3111 Parm.
2533 3058 2779 3112 favillas

851 3143 997 3212 vulg).
1045 3140 1294 3212 Capilup.
1342 3140 1518 3196 Paria.
1585 3140 1695 3197 Vel.
1750 3139 2047 3196 Lindenbr.
2093 3140 2251 3197 Rom.
2310 3143 2568 3214 papillas
2622 3141 2779 3197 codd.

854 3229 1063 3286 Domit.
1091 3225 1257 3282 netad.
1286 3226 1470 3281 Parm.
1532 3229 1610 3282 18.
1648 3231 1989 3300 signatum
2026 3227 2174 3298 vuly.
2211 3229 2497 3300 ligatum
2528 3226 2779 3299 Capilup.

809 3301 818 3311 ’
856 3319 938 3371 19.
993 3317 1158 3371 cineri
1186 3315 1505 3384 juvenem
1546 3328 1745 3368 omnes.
1784 3317 2151 3386 primamque
2188 3311 2373 3368 Paron.
2410 3342 2478 3352 —-
2524 3317 2607 3368 20.
2661 3331 2779 3370 eru·

856 3403 1026 3458 delia
1066 3398 1233 3456 nehel.
1273 3417 1556 3470 carpere
1593 3399 1901 3454 crudelem
1954 3397 2266 3470 Wakefield.
2311 3400 2483 3454 vidit
2528 3400 2778 3470 lanugine

853 3487 998 3557 vulg.
1020 3485 1188 3541 Rehd.
1209 3482 1394 3540 Parm.
1416 3501 1451 3555 p
1468 3489 1628 3540 rima
1656 3486 1903 3556 lanugine
1930 3485 2084 3542 codd.
2106 3483 2314 3540 Domit.
2346 3481 2459 3541 Ver.
2484 3483 2779 3540 lindenbr.

854 3573 1066 3628 malas
1120 3569 1274 3626 codd.
1325 3575 1376 3623 et
1418 3574 1547 3625 vett.
1596 3571 1748 3626 editt.
1786 3573 2092 3627 flammas
2146 3568 2355 3626 Domit.
2408 3600 2477 3611 -
2529 3573 2612 3626 24.
2669 3573 2782 3628 Hoc

855 3676 1068 3732 quoque
1106 3674 1244 3711 cum
1285 3659 1345 3710 in
1386 3695 1399 3709 .
1435 3693 1449 3709 .
1488 3695 1502 3710 .
1541 3697 1554 3710 .
1592 3666 1689 3711 ter
1725 3657 1896 3712 dena
1936 3657 2093 3712 codd.
2122 3655 2305 3712 Parm.
2345 3653 2527 3713 Venet.
2567 3662 2634 3712 in
2673 3673 2778 3713 om.

859 3743 1027 3799 flend.
1065 3759 1200 3799 eum
1241 3742 1538 3797 meditor
1565 3740 1772 3797 Domit.
1799 3744 1946 3814 vuly.
1974 3745 2120 3798 dum
2161 3747 2337 3799 nitor
2365 3737 2609 3807 Gronov.
2649 3744 2782 3799 Huic

853 3847 1065 3902 quoque
1121 3830 1269 3882 dum
1328 3845 1421 3882 me
1477 3828 1554 3882 do
1613 3827 1801 3883 Heius,
1857 3831 2103 3884 terdena
2160 3831 2277 3885 luce
2331 3837 2568 3900 parata
2609 3826 2779 3882 Retia.

855 3932 1018 3986 pera
1036 3925 1126 3971 eta
1168 3914 1314 3984 vuly.
1368 3945 1436 3955 --
1481 3916 1564 3967 25.
1620 3916 1871 3970 acclivis
1921 3930 2119 3970 omnes.
2168 3917 2422 3970 acclinis
2478 3909 2778 3967 Lindenbr.

853 4002 1085 4055 tumulo
1119 4000 1270 4070 vulg.
1305 4005 1406 4055 cui
1445 4001 1554 4054 nul
1593 4039 1644 4054 ..
1671 4040 1685 4054 .
1722 4019 1931 4056 narus
1967 4003 2027 4055 in
2058 3998 2228 4056 Retia.
2266 3999 2494 4054 luctus
2530 4001 2593 4052 in
2631 3996 2777 4066 vulg.

857 4087 1170 4157 luctusque
1231 4084 1487 4140 Heinsius
1543 4101 1610 4139 ex
1665 4086 1913 4158 antiquis
1966 4085 2124 4140 libris
2174 4082 2395 4154 repetiit
2448 4081 2581 4136 Αάυ.
2637 4080 2675 4136 1.
2728 4086 2778 4136 2.

857 4174 1158 4225 carmina
1213 4186 1411 4226 omnes.
1473 4173 1554 4225 26.
1611 4172 1996 4242 discordesque
2054 4170 2253 4224 modo.
2314 4168 2778 4238 Singultantia

857 4273 1017 4310 orsa
1088 4254 1243 4310 codd.
1304 4253 1515 4311 Domit.
1570 4258 1966 4328 Discordesque
2021 4257 2090 4308 in
2164 4293 2177 4308 .
2214 4256 2251 4308 ’.
2311 4293 2325 4307 .
2387 4292 2400 4307 .
2472 4255 2693 4325 singu
2725 4255 2780 4308 l·

859 4342 1105 4394 tantia
1178 4342 1404 4395 verba
1476 4339 1645 4396 Rehcz.
1718 4340 1898 4396 Venae.
1972 4340 2109 4394 mod
2133 4358 2212 4394 os
2294 4349 2363 4394 et
2432 4342 2780 4409 singultantia

856 4427 1061 4482 verba
1097 4423 1243 4492 vulq.
1287 4455 1354 4464 —-
