3234 4967
1222 412 1509 480 conject.
1544 414 1695 468 XIX.
2428 418 2529 469 273

411 608 458 657 p.
499 596 613 658 159,
651 599 835 644 contra
869 593 1005 657 apud
1042 588 1383 641 Claudianum
1416 588 1560 639 Eutr.
1607 588 1650 641 1.
1686 589 1815 639 360:
1883 589 2152 654 grandia
2194 600 2390 655 semper
2424 589 2528 639 De-

407 679 554 745 ligit“
592 694 660 730 ex
695 679 817 732 Jnn.
857 678 961 729 Ois.
996 675 1135 728 Flor.
1170 676 1308 726 Μαι.
1345 674 1458 731 Pal,
1510 674 1745 739 gaudia
1798 681 2055 724 enotatum
2103 688 2182 731 me
2217 674 2391 739 legere
2427 689 2529 724 me-

405 766 542 817 mini.
597 748 817 816 Nam'ne
844 763 954 826 quis
992 760 1134 829 forte·
1157 764 1296 826 apud
1333 759 1670 813 Claudianum
1695 760 1761 809 R.
1785 757 1929 810 Pros.
1967 759 2062 810 111.
2084 760 2206 811 205:
2242 774 2529 810 sermonum

408 851 619 916 gratia
653 864 865 909 mecum,
900 847 1099 897 Mecum
1135 862 1339 897 somnus
1378 847 1516 896 erat“
1550 846 1787 910 gaudia
1820 846 2011 909 potius,
2072 860 2220 909 quam
2258 846 2552 910 gratiam,

403 936 672 987 memorari
706 933 850 985 velit:
887 933 1024 998 apud
1059 932 1354 982 Petronium
1387 931 1547 982 Anth.
1583 930 1695 981 Lat.
1732 929 1831 979 111.
1870 931 1985 991 224,
2021 931 2054 980 3
2089 931 2307 995 legiturt
2359 931 2528 992 Dicta,

403 1022 549 1083 sales,
587 1021 745 1081 lusus,
781 1018 1099 1070 sermonis
1135 1018 1374 1081 gratia,
1411 1016 1590 1077 risus“‚
1626 1016 1763 1081 apud
1800 1014 2021 1067 Statium
2058 1014 2180 1070 silv,
2217 1016 2285 1068 V.
2322 1017 2368 1077 3,
2405 1017 2561 1067 249:·

402 1121 676 1172 rursusque
711 1106 796 1155 ubi
833 1104 1019 1155 dulce
1055 1103 1325 1166 remitti,
1364 1099 1586 1152 Gratia
1622 1115 1752 1166 quae
1788 1100 2001 1151 dictisl‘“
2038 1109 2093 1152 et
2129 1096 2366 1152 Ovidium
2403 1102 2526 1152 Her.

303 1248 306 1253 ,
401 1193 524 1247 XII.
565 1195 654 1244 12:
707 1192 965 1257 linguae
1002 1190 1209 1253 gratia
1241 1188 1363 1238 ficta
1395 1187 1548 1237 tuae“
1601 1186 1666 1235 cf.
1703 1183 1894 1236 Gunth.
1926 1178 2045 1251 'Lig.
2084 1183 2152 1238 X.
2191 1188 2315 1239 503:
2386 1188 2528 1253 lepos

406 1287 678 1330 consuetus
745 1278 891 1327 adest
957 1274 1230 1338 magnique
1298 1285 1535 1337 capacem
1595 1269 1843 1323 Ponderis
1914 1272 2187 1337 ingenuam
2260 1274 2521 1323 comitatui

401 1364 616 1429 gratia
650 1356 879 1413 vocem.“
949 1360 1089 1423 Ergo
1125 1358 1400 1422 gratiam
1434 1354 1677 1407 formae
1714 1355 1799 1420 (ut
1835 1357 1983 1409 Ovid.
2020 1358 2143 1407 Met.
2182 1356 2307 1409 VII.
2344 1360 2433 1408 44:
2470 1373 2531 1408 ea

403 1448 616 1513 gratia
673 1446 909 1497 formae
967 1442 1030 1493 cf.
1085 1444 1196 1493 Art.
1234 1442 1350 1492 Am.
1387 1440 1459 1515 11.
1496 1443 1610 1493 570.
1685 1438 1867 1495 Claud.
1904 1440 2064 1493 Laud.
2104 1442 2209 1494 Ser.
2248 1444 2373 1493 225:
2442 1458 2526 1492 ne·

401 1535 599 1598 glectae
650 1530 865 1597 gratia
915 1528 1156 1579 formae
1183 1526 1212 1553 ‘⁴
1283 1513 1468 1577 Burms
1493 1524 1655 1577 Anth.
1692 1524 1805 1581 Lat.
1850 1526 1947 1579 111.
1987 1529 2102 1591 224,
2141 1529 2171 1579 6
2217 1540 2265 1589 p.
2305 1528 2403 1580 656
2464 1526 2527 1580 cf.

401 1618 534 1670 Oud.
575 1617 740 1683 Apul·
793 1617 937 1669 Met.
959 1613 1028 1669 11,
1065 1629 1115 1679 p.
1155 1615 1268 1664 107.
1339 1612 1526 1663 Markl.
1562 1611 1688 1663 silv,
1725 1610 1759 1666 l.
1796 1612 1844 1661 d.
1880 1629 1929 1677 p.
1967 1612 2080 1687 232.
2152 1611 2293 1664 Suet.
2332 1612 2437 1663 Tit.
2472 1615 2527 1665 3:

402 1704 610 1754 forma
645 1701 848 1767 egregia
899 1707 953 1751 et
1003 1700 1086 1750 cui
1138 1713 1240 1749 non
1292 1698 1456 1749 minus
1493 1696 1806 1749 auctoritatis
1858 1698 2071 1760 inesset,
2126 1710 2279 1765 quam
2315 1698 2523 1763 gratiae.

402 1788 532 1840 Stat.
569 1786 694 1839 silv.
731 1787 801 1836 11.
839 1789 888 1848 2,
925 1787 1018 1837 10:
1066 1784 1254 1835 nitidae
1284 1782 1525 1848 juvenilis
1560 1782 1769 1848 gratia
1804 1782 1997 1833 Pollae.
2070 1782 2235 1836 Theb.
2270 1782 2367 1834 IX.
2405 1786 2527 1835 88οε

398 1874 672 1939 Aegraque
706 1888 796 1940 per
829 1872 1054 1938 trepidos
1090 1869 1317 1940 exspirat
1337 1858 1562 1933 ⁸gratia
1597 1868 1749 1919 visus.
1824 1868 1945 1923 silv,
1971 1868 2013 1919 1.
2050 1872 2098 1932 2,
2129 1872 2224 1920 107
2262 1876 2313 1919 et
2337 1868 2527 1922 Achill.

397 1962 443 2013 Ι.
483 1962 588 2013 290
635 1959 873 2011 eximium
927 1956 1164 2007 formae
1217 1956 1426 2006 decus.
1506 1952 1670 2006 Theb.
1709 1952 1803 2007 VI.
1858 1956 1958 2006 574
2008 1953 2255 2006 formae
2306 1955 2525 2009 laudem.

401 2043 522 2100 Silv.
561 2045 630 2101 ΙΙ.
669 2048 716 2104 1,
753 2040 878 2109 139)
936 2043 990 2093 in
1025 2042 1142 2092 loco
1178 2042 1249 2092 sic
1284 2041 1498 2091 retinere
1533 2040 1696 2090 visum
1734 2049 1836 2102 est,
1893 2049 1952 2091 ut
2004 2041 2181 2093 fortius
2234 2042 2428 2107 aliquid
2478 2050 2529 2092 et

401 2131 762 2195 significantius
799 2135 1151 2195 quaereretur,
1207 2142 1357 2193 quam
1391 2126 1528 2176 istud
1565 2123 1882 2190 pulchrae
1918 2140 1948 2175 a
1982 2126 2295 2178 Markland‘o
2340 2145 2388 2194 p.
2427 2131 2527 2181 289

399 2216 620 2266 invalido
657 2214 850 2264 auxilio
887 2212 1175 2264 defensum:
1212 2212 1332 2277 quid
1371 2210 1508 2261 enim
1546 2210 1704 2260 verba
1737 2210 1867 2260 haec
1902 2209 2051 2262 Statii
2070 2211 2173 2262 Via
2206 2211 2393 2266 Domit.
2435 2216 2527 2265 15:

401 2300 755 2363 „Pulchrae
789 2299 1088 2366 supplicium
1141 2298 1318 2349 timere
1363 2294 1647 2347 formae’‘
1685 2302 1737 2346 et
1771 2280 2003 2347 Suetonii
2038 2296 2146 2351 Vit.
2184 2297 2372 2351 Persii:
2431 2299 2529 2350 fuit

401 2387 736 2438 verecundiae
793 2384 1080 2451 virginalis,
1137 2381 1390 2455 *formae
1447 2380 1725 2448 pulchra
1745 2382 1811 2431 e“
1882 2391 2096 2447 possunt
2161 2396 2255 2449 pro
2311 2385 2528 2449 gratia

397 2472 706 2539 pulchrae
763 2470 994 2522 formae?
1064 2468 1374 2520 Recordanti
1425 2472 1595 2517 autem
1650 2467 1799 2517 simul
1851 2468 2235 2533 discrepantiam
2281 2468 2525 2521 librorum

399 2557 695 2619 Quintiliani
729 2556 826 2608 XI.
864 2558 920 2617 3,
955 2556 1047 2607 40:
1101 2555 1266 2616 clara,
1317 2568 1486 2619 pura.
1557 2552 1709 2603 Voss.
1751 2555 1798 2607 1.-
1834 2555 1865 2604 3
1918 2554 2199 2619 pulchra
2253 2561 2306 2605 et
2354 2552 2525 2606 Ovidii

399 2642 531 2693 Fast.
567 2643 637 2693 11.
675 2644 765 2694 331
811 2650 1046 2707 tempora
1077 2655 1248 2707 pura.
1319 2639 1508 2691 Moret.
1543 2639 1835 2705 pulchra.
1898 2640 2031 2713 Met.
2066 2639 2138 2691 11.
2177 2640 2295 2691 713:
2360 2648 2525 2707 pura

399 2753 460 2764 ·-
482 2728 678 2790 sacra“,
714 2727 798 2777 ubi
836 2728 1055 2793 „plura
1090 2724 1322 2776 nonnulli
1359 2732 1410 2773 et
1444 2721 1753 2789 pulchra“
1793 2724 1990 2791 (Heius.
2009 2742 2059 2791 p.
2081 2727 2178 2778 152
2214 2726 2277 2777 cf.
2298 2726 2522 2779 Martial.

397 2814 494 2868 111.
534 2814 612 2875 75,
649 2816 708 2865 5:
743 2827 938 2879 puras
974 2839 1037 2847 —
1075 2812 1273 2864 baccas.
1349 2810 1549 2861 Thuan.
1585 2810 1828 2877 pluras)
1865 2819 1915 2862 et
1950 2827 2080 2877 quos
2117 2815 2525 2865 commemoravit

398 2899 719 2951 Burmannus
755 2897 880 2950 Met.
916 2897 982 2947 ΙΙ.
1021 2898 1119 2949 856
1154 2909 1201 2958 p,
1241 2897 1354 2959 163,
1395 2904 1448 2948 et
1484 2898 1771 2963 exemplum
1796 2897 2025 2950 Senecae
2048 2898 2204 2965 Hipp.
2231 2901 2355 2951 648:
2394 2899 2523 2952 Cum

396 2986 559 3053 prima
593 3000 784 3051 puras
821 2983 978 3034 barba
1012 2983 1240 3049 signaret
1269 2984 1506 3048 geuas⁴⁴
1565 2981 1719 3047 (quas
1754 2998 1913 3050 genas
1948 2984 2039 3035 alii
2074 2984 2254 3036 leves
2290 2986 2526 3037 dixerunt

400 3070 631 3123 Huschk.
683 3068 795 3120 Tib.
833 3070 868 3119 1.
907 3070 954 3119 d.
991 3069 1104 3121 Jac.
1143 3068 1349 3131 Quaest.
1386 3070 1483 3135 Ep.
1519 3071 1561 3125 Ι.
1600 3071 1651 3132 3,
1683 3070 1717 3119 4
1771 3080 1819 3129 p.
1854 3066 1947 3134 45)
2000 3071 2201 3120 obvium
2253 3073 2354 3123 hoc
2405 3070 2523 3123 suit:

397 3172 549 3223 pura
583 3156 747 3207 forma
779 3156 830 3205 id
867 3161 944 3207 est
977 3154 1129 3205 nivea
1175 3170 1235 3207 ac
1268 3170 1431 3222 prope
1466 3154 1695 3221 virginea
1729 3153 1947 3220 (Achiu.
1984 3156 2023 3209 I.
2066 3157 2177 3207 161.
2248 3154 2412 3219 Noun.
2451 3157 2519 3207 X.

400 3245 521 3293 180:
586 3235 784 3315 Ἀχνοα
822 3268 881 3278 -
920 3238 1116 3311 χιονέης
1153 3267 1214 3275 -
1251 3237 1412 3292 κὺκλα
1447 3236 1691 3310 παρειῆς).
1766 3240 1881 3303 Qua
1914 3255 1969 3291 re
2003 3242 2078 3291 ita
2113 3241 2387 3291 deliberata
2420 3256 2522 3293 non

391 3328 497 3392 jam
532 3327 685 3377 latuit
719 3326 964 3377 invitante
1000 3334 1154 3391 atque
1189 3326 1464 3378 allectante
1500 3326 1720 3378 maxime
1756 3324 1968 3377 Lucano
2002 3326 2071 3378 X.
2114 3327 2234 3379 135:
2306 3326 2524 3389 „fortior

399 3420 553 3474 aetas,
592 3412 702 3463 Vix
724 3411 833 3461 ulla
869 3411 1167 3465 fuscante
1202 3419 1373 3464 tamen
1409 3412 1714 3477 lanugine
1748 3413 1941 3465 malas“
1976 3414 2041 3462 ad
2060 3413 2523 3478 pervagatissimum

396 3498 492 3549 fus
507 3512 617 3549 can
631 3498 689 3548 di
726 3496 933 3547 verbum
969 3514 1063 3564 per
1096 3499 1236 3550 illam
1260 3499 1515 3551 licentiam
1541 3499 1873 3564 pei-miscendi
1898 3497 2097 3549 litteras
2122 3506 2170 3548 et
2192 3498 2313 3550 has:
2347 3500 2419 3563 li,
2456 3500 2524 3550 lu

398 3583 527 3648 (la)
553 3591 703 3649 atque
728 3598 762 3633 n
787 3581 980 3648 (adnot.
1013 3585 1192 3651 Eclog.
1229 3602 1276 3635 v.
1316 3586 1379 3635 19
1417 3596 1462 3645 p.
1501 3585 1566 3635 37
1603 3591 1656 3635 et
1691 3580 1919 3650 Conject.
1957 3583 2024 3635 V.
2062 3585 2178 3637 add.
2225 3581 2521 3636 fumantia:

395 3670 732 3721 flammantia
758 3670 928 3721 Burm.
954 3668 1100 3725 ovid.
1126 3671 1248 3724 Met.
1273 3670 1425 3723 XIII.
1461 3672 1562 3722 421
1600 3682 1649 3731 p.
1686 3672 1801 3723 890.
1836 3670 1989 3723 XIV.
2016 3672 2130 3723 796.
2185 3671 2408 3723 Martial.
2448 3671 2517 3725 X.

400 3758 511 3818 104,
547 3758 578 3806 2
613 3750 855 3806 faventis
891 3757 1073 3806 undae.
1144 3756 1284 3807 Mod.
1320 3756 1589 3808 flaventis.
1646 3755 1711 3807 cf.
1749 3755 1798 3807 fl
1811 3757 1940 3808 avis:
1975 3756 2150 3809 fulvis
2186 3754 2365 3807 Claud.
2396 3754 2521 3809 Rus.

395 3842 436 3893 1.
473 3844 554 3894 91.
624 3840 780 3906 Nupt.
816 3841 951 3892 Hon.
991 3844 1071 3895 57.
1132 3842 1359 3893 fluvios:
1407 3842 1456 3893 ss
1471 3857 1594 3895 avos
1631 3842 1809 3897 Heius.
1848 3850 1901 3894 et
1934 3844 2106 3894 Burm.
2141 3842 2203 3893 R.
2240 3843 2385 3893 Pros.
2421 3842 2519 3897 111.

395 3929 494 3978 332
532 3939 579 3988 ρ.
615 3928 729 3979 629.
769 3926 1008 3989 favebat,
1043 3927 1294 3980 fovebat:
1329 3928 1659 3980 flammabat
1694 3925 1922 3993 Conject.
1941 3927 2094 3991 XII.)
2132 3936 2182 3979 et
2215 3929 2352 3979 illas:
2389 3944 2436 3979 m
2472 3937 2523 3980 et

396 4027 459 4062 sc
496 4010 595 4078 (pri
609 4027 762 4063 mus:
798 4013 1033 4077 priscus
1071 4011 1338 4065 claudian.
1375 4014 1528 4081 Nupt.
1564 4015 1700 4067 Hon.
1739 4017 1852 4067 289.
1923 4014 2095 4066 Burm.
2133 4012 2279 4065 Ovid.
2299 4013 2425 4066 Met.
2451 4015 2518 4066 V.

397 4100 494 4149 677
532 4111 582 4160 p.
620 4100 718 4151 375
757 4106 809 4150 et
841 4100 980 4150 Fast.
1018 4100 1059 4154 I.
1099 4102 1129 4151 7
1165 4112 1212 4161 p,
1251 4102 1282 4151 2
1337 4108 1389 4151 et
1437 4100 1634 4156 Lucan.
1673 4101 1824 4159 VIII,
1863 4102 1961 4153 837
2016 4113 2066 4162 ι).
2105 4102 2218 4155 602.
2288 4113 2522 4153 vanus:

395 4199 645 4247 vascua,
682 4187 745 4236 de
781 4186 962 4250 quibus
997 4186 1115 4238 alibi
1153 4186 1339 4237 dictum
1375 4186 1469 4252 est)
1507 4204 1538 4237 a
1570 4187 1789 4238 librariis
1823 4187 1878 4237 id
1912 4188 2189 4238 deductum
2228 4200 2336 4238 esse
2371 4193 2522 4252 atque

394 4272 520 4322 adeo
556 4273 832 4336 detortum,
888 4273 1026 4337 quod
1061 4272 1134 4323 sic
1170 4274 1522 4339 consignatum
1557 4275 1846 4324 viderentur
1878 4273 2155 4325 invenisse:
2214 4272 2521 4325 flumarent

391 4358 442 4407 id
480 4365 557 4410 est
590 4358 911 4410 flaverent
959 4356 1050 4422 (cf.
1090 4358 1359 4415 Columell.
1396 4358 1465 4411 X.
1502 4362 1597 4413 311
1653 4359 1924 4412 ssavebit.
1994 4358 2110 4413 Pol.
2164 4354 2519 4410 flammebit.

392 4444 560 4499 Burm.
601 4443 868 4497 Claudian.
908 4444 1019 4498 Sec.
1059 4444 1211 4498 Cous.
1251 4446 1363 4500 Stil.
1405 4449 1466 4498 18
1501 4462 1551 4512 p.
1587 4449 1705 4498 412.
1776 4446 1923 4502 ovid,
1960 4444 2083 4497 Am.
2117 4447 2159 4497 1.
2198 4449 2244 4507 2,
2284 4448 2343 4499 11
2382 4444 2519 4499 face
