3234 4967
727 433 824 482 272
1291 440 1295 444 ·
1545 426 1831 491 C'onJect.
1866 425 2013 480 XIX.

727 617 915 670 passa
951 599 1204 666 (Conject.
1242 600 1274 649 l.
1313 601 1360 652 d.
1399 600 1567 650 adnot.
1603 599 1785 664 Eclog.
1823 616 1868 654 v,
1909 597 2013 664 77).
2084 615 2351 651 nesacra
2397 601 2489 666 (cf.
2526 603 2715 657 Lucan.
2755 603 2851 660 IX.

729 691 853 740 290:
889 679 1102 753 sparsi
1137 684 1301 734 mellis
1337 699 1573 738 amorem.
1648 684 1817 738 Guelf.
1845 683 2016 736 Berol.
2054 685 2258 750 sacri)
2292 688 2577 750 invenisset,
2613 689 2853 739 maluisse

728 775 845 826 stilo
869 771 1163 838 praeterire,
1201 785 1351 834 quam
1375 771 1595 835 prodere
1631 771 1697 821 ad
1731 771 2117 836 intelligendum
2155 771 2381 823 difficilia
2415 775 2497 824 vel
2532 789 2564 824 a
2599 775 2856 832 sententia

727 859 828 910 loci
862 857 1012 907 valde
1049 856 1214 906 aliena
1249 864 1337 905 aut
1369 854 1552 906 inferre
1588 857 1890 907 vocabulum
1926 857 2278 907 adulterinum.

863 942 1061 992 Verum
1097 940 1390 1008 ampliorem
1428 941 1558 991 alter
1591 956 1771 992 versus
1806 942 2096 1008 ambigendi
2150 951 2202 992 et
2253 942 2557 994 deliberandi
2596 947 2853 997 materiam

727 1029 1036 1095 suppeditat.
1106 1025 1169 1076 In
1206 1041 1306 1091 quo
1341 1040 1492 1075 versu
1530 1028 1670 1089 quod
1704 1043 1878 1078 verum
1914 1043 2023 1079 esse
2060 1026 2354 1092 (honorio,
2392 1029 2699 1081 Marklando
2759 1030 2852 1092 (cf.

729 1111 783 1165 in
820 1113 944 1168 Silv.
980 1113 1050 1163 11.
1089 1114 1137 1174 2,
1177 1113 1274 1163 149
1310 1123 1360 1171 Ρ.
1400 1106 1541 1177 232),
1578 1111 1858 1164 Duebnero
1894 1114 2057 1163 visum
2094 1120 2189 1163 est:
2254 1113 2527 1178 „pulchrae
2571 1115 2855 1168 fuscaret

713 1187 978 1266 =gaudia
1011 1196 1254 1259 formae“‚
1300 1197 1351 1246 id
1387 1196 1604 1248 fortasse
1642 1200 1783 1248 dicar
1818 1199 2008 1249 idonea
2043 1200 2238 1250 ratione
2272 1201 2612 1252 confirmasse.
2685 1202 2855 1265 Quum

729 1287 860 1337 enim
919 1283 1214 1336 fuscandi
1273 1283 1479 1334 verbum
1533 1283 1632 1344 sic,
1690 1291 1747 1333 ut
1780 1285 2073 1348 nigrandi
2136 1283 2359 1351 (Luci-et.
2394 1284 2466 1337 11.
2507 1288 2622 1338 733.
2661 1289 2756 1340 793
2791 1305 2855 1340 ac

729 1363 910 1422 Barth.
950 1371 1075 1422 silv,
1114 1368 1183 1419 11.
1222 1369 1270 1431 6,
1310 1369 1374 1420 83
1410 1380 1456 1429 Ρ.
1497 1370 1594 1419 242
1632 1367 1695 1420 cf.
1732 1369 1919 1420 Danm.
1960 1366 2855 1427 Caus.Amiss.R.ad.L.L.XV111.

730 1471 779 1520 p.
815 1455 938 1520 484)
975 1456 1028 1505 in
1063 1455 1190 1504 duas
1226 1454 1500 1506 sententias
1536 1455 1707 1505 diduci
1743 1456 1885 1505 nullo
1923 1464 2234 1522 compertum
2283 1466 2415 1508 esset
2466 1460 2699 1524 exemplo
2734 1459 2858 1525 (scit

729 1545 829 1595 hoc
863 1543 970 1608 ipse
1005 1535 1254 1590 Imhofius
1292 1537 1503 1592 Condic.
1542 1537 1669 1591 crit.
1705 1556 1753 1606 p,
1794 1543 1883 1594 243
1957 1544 2194 1606 „novavit
2228 1541 2421 1594 Statius
2466 1544 2727 1596 fuscare
2763 1562 2856 1612 pro

733 1645 811 1691 eo,
850 1629 999 1694 quod‘
1024 1626 1203 1677 melius
1238 1625 1501 1686 diceretur,
1536 1623 1787 1677 fuscere“
1827 1628 2059 1693 idemque
2096 1629 2314 1680 sensisse
2340 1629 2539 1680 videtur
2561 1629 2857 1683 Huschkius

730 1716 764 1770 1.
802 1713 895 1778 d.)‚
932 1708 1315 1764 similitudinem
1352 1719 1521 1760 autem
1557 1712 1820 1762 verborum
1856 1713 2143 1778 nigrare:
2178 1715 2441 1780 nigrere,
2500 1714 2744 1768 albarez
2780 1718 2857 1767 al-

730 1803 879 1853 bere
915 1806 1216 1866 praetexere
1253 1796 1677 1847 comminiscendo
1713 1799 1964 1849 vocabulo
2000 1799 2237 1850 fuscere
2272 1800 2473 1864 majoris
2510 1802 2748 1853 audaciae
2784 1804 2857 1852 vi-

734 1891 962 1948 deretur,
1023 1897 1200 1948 quam,
1227 1935 1236 1946 ‚
1260 1896 1325 1932 ne
1381 1883 1530 1932 datae
1590 1884 1951 1948 opportunitati
1988 1891 2202 1934 veterem
2249 1886 2496 1936 maculam
2534 1887 2860 1952 abstergendi

734 1973 909 2032 desim,
945 1985 1011 2020 ex
1045 1966 1254 2020 Gloss.
1291 1967 1487 2019 Labb.
1523 1984 1574 2033 p.
1614 1969 1705 2018 79:
1746 1967 2157 2031 „Fuscantem
2193 1968 2484 2037 μανικόν“
2522 1972 2621 2023 hoc
2658 1987 2863 2024 eruere:
2930 2029 2937 2035 ⁸

736 2057 1254 2122 „Fuscamentum
1291 2049 1679 2120 μελαντικόν“
1720 2051 1806 2117 (cf.
1833 2055 2067 2121 Theoph.
2096 2054 2265 2106 Noun.
2290 2057 2428 2122 Epit.
2454 2057 2621 2108 XLII.
2658 2074 2706 2123 p.
2734 2061 2864 2109 188:

733 2138 936 2213 ὀφρὺων
972 2135 1254 2209 μελαντικά.
1328 2135 1543 2189 Gloss.
1605 2137 1795 2193 Labb,
1856 2156 1905 2204 p.
1944 2140 2036 2192 93:
2093 2140 2325 2192 Infuscat
2360 2138 2603 2210 μελαίνει,
2663 2140 2861 2210 μιλει,

735 2230 872 2296 qnod
915 2243 1025 2279 esse
1069 2223 1293 2292 oportuit
1339 2221 1603 2290 σπιλοῖ),
1656 2226 1875 2275 animum
1920 2225 2071 2275 subiit
2106 2227 2388 2279 recordatio
2424 2227 2600 2278 Pacati
2647 2230 2681 2279 1.
2716 2230 2763 2280 d.
2807 2239 2863 2282 et

735 2312 1016 2367 sententiae
1053 2328 1083 2361 a
1118 2310 1387 2376 Propertio
1423 2311 1621 2376 positae
1656 2309 1722 2362 11.
1761 2313 1841 2374 14,
1882 2313 1971 2362 19:
2046 2307 2143 2363 Cui
2196 2313 2390 2378 majora
2424 2315 2557 2364 senis
2592 2315 2863 2367 Tithoni

734 2400 966 2468 gandia
1023 2396 1172 2458 vivi,
1233 2392 1400 2456 Quam
1436 2397 1604 2462 gravis
1642 2396 1826 2447 amisso
1864 2395 2137 2447 Memnone
2172 2397 2342 2450 luctus
2381 2399 2519 2450 erat“
2584 2416 2861 2466 eorumque

737 2487 998 2545 locorum,
1058 2482 1108 2532 in
1151 2482 1331 2546 quibus
1367 2482 1468 2547 legi
1502 2482 1745 2547 gaudia
1788 2484 2010 2533 mortis
2069 2483 2231 2534 Theb.
2284 2484 2348 2534 X.
2386 2486 2484 2536 628
2544 2484 2703 2549 (leti
2739 2486 2859 2540 Val.

733 2572 908 2622 Flacc.
944 2567 1041 2619 VI.
1082 2565 1224 2628 178).
1291 2567 1599 2618 Mantuanae
1636 2569 1872 2633 gaudia
1904 2568 2115 2620 famae
2166 2568 2287 2620 silv.
2324 2569 2421 2620 ΙΙΙ.
2460 2573 2505 2633 7,
2543 2573 2623 2626 28,
2693 2572 2740 2632 4,
2778 2575 2856 2626 50.

735 2662 967 2722 speratae
1003 2653 1242 2719 gaudia
1274 2653 1517 2705 formae
1555 2651 1705 2704 Ovid.
1740 2653 1864 2703 Met.
1900 2654 2050 2704 XIV.
2090 2656 2186 2706 652
2224 2653 2464 2720 (quocum
2504 2657 2709 2708 omnino
2748 2673 2857 2707 sen-

735 2741 896 2793 tentia
954 2737 1210 2804 discrepat
1266 2737 1456 2789 Achill.
1494 2739 1534 2791 Ι.
1576 2740 1673 2790 167
1682 2755 1696 2788 t
1767 2739 1925 2790 Forte
1984 2747 2033 2790 ct
2088 2740 2248 2791 laetus
2308 2743 2483 2793 adest:
2553 2758 2581 2792 o
2619 2752 2852 2808 quantum

733 2827 975 2893 gaudia
1009 2825 1249 2877 formae
1287 2819 1615 2888 Adjiciunt“)
1670 2823 1735 2875 cf.
1774 2825 2037 2879 Claudian.
2075 2825 2135 2880 R.
2173 2825 2317 2878 Pros,
2354 2826 2394 2877 Ι.
2434 2828 2557 2878 2863
2616 2836 2858 2879 venturae

737 2919 1002 2980 sperantes
1036 2909 1279 2976 gaudia
1311 2925 1460 2976 prae
1477 2908 1637 2960 dae“
1694 2909 1797 2975 jam
1834 2910 2166 2962 Marklandus
2203 2913 2398 2976 docuit,
2436 2913 2513 2962 cui
2548 2913 2642 2978 ipsi
2675 2915 2859 2979 potius,

738 3014 888 3065 quam
948 2995 1210 3050 Gronovio
1269 2996 1606 3061 adstipulatus
1666 2996 1787 3046 nolo
1846 2996 2165 3062 interpretari
2231 2997 2284 3046 in
2345 2997 2678 3061 significando
2742 2998 2856 3062 ipso

733 3084 976 3152 puerili
1026 3083 1192 3134 flore
1245 3080 1530 3145 (claudian.
1567 3080 1712 3131 Eutr.
1749 3081 1791 3130 Ι.
1827 3079 1948 3144 344)
2004 3089 2055 3132 et
2108 3083 2250 3145 quasi
2289 3083 2419 3132 oris
2454 3083 2643 3135 lumine
2678 3081 2861 3146 (Proh.

736 3179 788 3222 et
821 3169 999 3236 Olybr.
1039 3171 1128 3221 70:
1164 3165 1303 3218 Ante
1339 3183 1530 3238 gentas
1583 3168 1745 3218 dulcis
1798 3183 1946 3233 quam
1999 3168 2089 3218 flos
2118 3166 2360 3232 juvenilis
2403 3168 2655 3220 inumbret
2700 3167 2859 3220 Ora-

736 3271 836 3321 que
888 3255 1070 3306 ridenti
1125 3254 1363 3318 lanugine
1417 3254 1602 3304 vestiat
1654 3251 1857 3317 aetas“)
1908 3254 2018 3304 fere
2053 3254 2127 3303 sic
2160 3254 2377 3319 positum
2412 3269 2522 3305 esse
2556 3254 2861 3305 vocabulum

689 3405 696 3411 ,
735 3341 1065 3408 gaudium,
1125 3346 1180 3389 ut
1213 3355 1245 3390 a
1277 3339 1448 3390 Plinio
1485 3337 1548 3390 N.
1587 3339 1652 3392 H.
1690 3338 1810 3389 XX.
1852 3341 1877 3389 1
1918 3351 1967 3399 p·
2004 3341 2129 3390 288:
2200 3341 2470 3390 adamanta
2514 3354 2667 3406 opum
2704 3353 2861 3404 gau-

733 3425 944 3480 dium.“
1019 3423 1168 3477 XVI.
1205 3425 1287 3486 25,
1322 3426 1390 3476 40
1425 3437 1470 3486 p·
1507 3425 1598 3476 25:
1648 3425 1746 3475 flos
1784 3424 2085 3489 gaudium
2121 3425 2371 3478 arborum.
2409 3451 2471 3461 -
2510 3426 2641 3476 Sunt
2693 3425 2862 3476 tristes

735 3527 966 3580 quaeque
1003 3527 1107 3562 non
1141 3511 1359 3562 sentiant
1392 3511 1630 3576 gaudia
1664 3525 1982 3561 annorum.
2052 3509 2149 3560 111.
2188 3514 2235 3572 5,
2272 3513 2303 3562 6
2339 3524 2387 3572 p.
2424 3513 2547 3563 2243
2583 3511 2862 3576 gaudeu-

736 3599 820 3650 tis
855 3615 985 3664 opus
1023 3612 1134 3650 esse
1167 3595 1408 3647 naturae“
1449 3595 1513 3646 cf.
1551 3597 1724 3650 Burm.
1764 3596 1880 3646 Val.
1917 3596 2089 3647 Flacc.
2129 3597 2167 3647 Ι.
2209 3599 2306 3648 109
2367 3609 2413 3657 p.
2452 3598 2531 3648 34.
2602 3595 2700 3646 Hic
2738 3611 2861 3646 vero

735 3700 840 3736 non
875 3685 1001 3736 levis
1037 3682 1300 3735 dubitandi
1359 3697 1516 3733 causa
1571 3683 1691 3733 inde
1747 3683 1946 3746 incidit,
2006 3682 2144 3747 quod
2204 3698 2357 3747 quum
2393 3683 2649 3748 gratiae
2684 3695 2861 3732 vocem

735 3770 1012 3836 gloriam
1069 3770 1122 3819 in
1181 3768 1444 3834 permultis
1504 3769 1628 3820 locis
1667 3766 1959 3832 (claudian.
1999 3768 2084 3821 Pr.
2123 3767 2275 3819 Cous.
2326 3769 2439 3820 Stil.
2487 3765 2558 3818 ΙΙ.
2597 3769 2676 3819 51.
2748 3765 2859 3821 Sec.

735 3855 891 3908 Cous.
928 3857 1010 3906 47.
1079 3855 1243 3906 Laud.
1279 3855 1387 3907 Ser.
1425 3857 1538 3906 225.
1611 3852 1759 3904 Ovid.
1797 3853 1948 3904 Pont.
1987 3853 2084 3904 III.
2123 3856 2169 3914 2,
2206 3856 2287 3904 27.
2356 3853 2526 3903 Burm.
2553 3851 2673 3902 Her.
2710 3849 2862 3903 XXI.

734 3947 799 3996 62
839 3955 884 4004 Ρ.
924 3943 1037 3992 310.
1106 3940 1265 3990 Drak.
1303 3937 1393 3990 Sil.
1430 3938 1585 3989 xm.
1626 3941 1724 3990 664
1762 3953 1805 4000 p.
1843 3941 1956 3991 676.
2028 3937 2146 3990 Sen.
2183 3939 2319 3994 Med.
2376 3940 2473 3989 226
2528 3936 2861 3989 Graeciae.

733 4029 876 4080 Flor.
910 4024 1196 4093 gloriae)
1253 4026 1538 4076 insidiatum
1577 4041 1685 4076 esse
1720 4027 1771 4075 in
1809 4025 2041 4077 confesso
2078 4033 2234 4087 esset,
2296 4040 2396 4090 quo
2455 4024 2710 4090 gratiae
2769 4039 2863 4089 per

733 4113 966 4180 gaudia
1002 4129 1094 4164 sua
1128 4113 1245 4164 sede
1283 4111 1513 4177 dejectae
1553 4111 1697 4176 quasi
1734 4111 1949 4162 vicarius
1985 4108 2181 4162 muneri
2220 4101 2519 4162 Marklandi'
2546 4109 2669 4162 Silv.
2706 4108 2772 4163 11.
2812 4111 2862 4172 2,

739 4201 837 4251 149
874 4211 922 4260 p.
950 4199 1047 4250 232
1083 4199 1358 4249 succedens
1395 4197 1543 4248 fidem
1567 4197 1805 4261 facerem,
1843 4198 1970 4248 nihil
2006 4198 2276 4262 quidquam
2302 4197 2567 4260 succurrit,
2604 4196 2700 4246 nisi
2724 4197 2863 4259 quod

735 4286 870 4351 apud
895 4284 1166 4335 Aratorem
1190 4285 1231 4337 Ι.
1258 4286 1384 4336 4823
1421 4299 1536 4349 spes
1563 4291 1639 4334 est
1663 4285 1725 4334 ad
1761 4285 2007 4352 gaudia
2028 4281 2213 4334 velox“
2254 4297 2321 4332 ex
2347 4282 2496 4333 Voss.
2525 4285 2552 4332 1
2590 4281 2809 4346 grandi
2828 4297 2861 4330 a

736 4370 973 4434 idemque
1010 4384 1076 4420 ex
1112 4369 1265 4420 Voss.
1304 4371 1334 4419 3
1378 4370 1447 4421 11.
1496 4371 1622 4420 1133
1683 4369 1955 4420 humanum
1991 4370 2353 4419 transcendunt
2386 4369 2617 4432 gaudia
2652 4365 2862 4417 votum“

739 4465 789 4504 et
841 4457 892 4504 in
946 4456 1006 4506 iis
1062 4456 1211 4517 locis,
1267 4470 1394 4520 quos
1431 4455 1734 4520 disceptavit
1768 4454 2129 4506 Rittershusius
2190 4453 2379 4504 Gunth.
2421 4454 2533 4518 Lig.
2574 4449 2722 4504 VIII.
2760 4453 2862 4510 393
