3234 4967
1350 334 1578 388 Adnot.
1615 334 1709 388 55.
2520 334 2608 401 89

451 541 788 633 Orpheum
835 542 1061 609 dolore
1111 563 1492 630 oppressum
1549 540 1637 605 ad
1689 540 1883 607 busta
1930 542 2229 631 conjugis
2274 552 2601 611 tacentem

450 649 766 717 inducit.“
811 648 1060 715 Rursus
1103 646 1554 730 Marklandus,
1588 669 1783 736 quem
1814 656 2177 737 sequuntur
2208 650 2605 719 Duebnerus

461 756 954 845 Queckiusque:
1022 754 1416 840 „Quomodo
1477 776 1547 819 se
1617 776 1999 843 comparare
2069 756 2287 843 potuit
2352 756 2605 824 Statius

449 861 743 953 Apollini
773 871 842 928 et
873 859 1139 949 Orpheo
1173 858 1637 945 silentibus,
1688 860 1954 949 quando
1985 862 2315 950 ipse‘non
2360 864 2605 931 silet?

449 991 667 1038 nonne
715 968 888 1035 enim
955 966 1183 1033 canit
1249 965 1373 1031 hoc
1427 965 1849 1055 Epicedion?
1917 989 2134 1033 nonne
2198 967 2357 1035 dicit
2402 970 2485 1037 de
2532 994 2601 1037 se

450 1078 596 1166 ipso
640 1098 706 1143 v.
755 1075 874 1145 33:
907 1076 1148 1164 juvat
1177 1071 1337 1157 heu,
1374 1074 1612 1162 juvat
1655 1071 2030 1142 illaudabile
2076 1096 2393 1143 carmen
2440 1078 2606 1146 fun·

451 1182 640 1249 dere
657 1182 691 1247 *Ρ
725 1182 909 1267 Ergo
933 1201 1199 1247 necesse
1224 1188 1328 1247 est
1348 1188 1423 1245 ut
1461 1189 1799 1269 comparet
1830 1202 1899 1247 se
1934 1182 2147 1270 ipsum
2171 1203 2366 1249 cane
2382 1192 2469 1251 nt
2486 1206 2523 1249 e
2540 1208 2605 1251 m
2706 1246 2711 1251 .

451 1289 574 1357 hoc
613 1286 988 1377 Epicedion
1032 1295 1184 1376 post
1249 1295 1528 1353 mortem
1573 1287 1762 1374 pueri
1829 1285 2125 1377 Apollini
2194 1298 2263 1355 et
2330 1288 2601 1379 Orpheo

412 1383 973 1477 canentibus,
1043 1392 1197 1460 huic
1255 1401 1406 1481 post
1461 1402 1741 1459 mortem
1813 1392 2219 1483 Eurydices,
2288 1394 2383 1463 illi
2450 1406 2600 1486 post

455 1510 731 1567 mortem
771 1499 926 1566 Lini
972 1509 1040 1565 et
1067 1498 1344 1588 proinde
1392 1499 1657 1565 omnino
1694 1501 1836 1588 jam
1866 1498 2098 1567 falsum
2144 1511 2245 1568 est
2278 1501 2602 1571 Gronovii

455 1606 666 1673 haud
709 1606 958 1676 invenit
1027 1614 1092 1672 et
1161 1604 1598 1673 Conticuit.
1688 1606 1871 1676 Dicit
1937 1606 2216 1674 Statius:
2288 1609 2610 1692 Quemad-

457 1713 718 1780 modum
752 1711 1059 1801 Orpheus
1103 1750 1192 1763 --
1236 1712 1560 1790 invenit
1605 1710 1785 1801 quod
1816 1723 2083 1781 caneret
2114 1713 2307 1782 solito
2340 1715 2606 1805 quidem

459 1822 742 1887 carmine
789 1817 986 1906 longe
1017 1819 1308 1903 inferius,
1355 1827 1576 1885 tamen
1624 1816 1855 1885 dulce
1904 1820 2059 1888 sibi
2090 1818 2341 1907 saltem,
2374 1831 2605 1913 utpote

457 1926 633 2016 quod
681 1924 1006 1993 solaretur
1036 1948 1308 2013 aegrum
1341 1947 1633 1992 amorem
1676 1933 1745 1990 et
1791 1926 2335 2014 quemadmodum
2365 1928 2609 2018 Apollo

454 2042 602 2121 post
647 2032 844 2099 funus
888 2032 1040 2099 Lini
1085 2054 1236 2098 non
1282 2032 1546 2097 tacuit
1602 2031 1673 2097 id
1726 2040 1829 2098 est
1882 2034 2119 2099 cecinit
2177 2033 2449 2124 aliquid:
2513 2037 2610 2103 sic

457 2162 590 2227 ego
640 2138 950 2206 defuncto
983 2138 1109 2204 hoc
1139 2160 1346 2229 puero
1392 2138 1656 2205 luctus
1700 2138 1783 2203 in
1827 2140 2181 2206 carmina
2226 2150 2471 2208 verto
2517 2182 2605 2193 —-—

462 2256 530 2313 et
573 2244 1086 2335 voluptatem
1156 2245 1486 2335 quandam
1537 2245 1727 2332 capio
1793 2246 1863 2311 in
1930 2244 2265 2313 fundendo
2334 2248 2608 2335 ignobili

457 2362 524 2419 et
569 2350 1041 2419 illaudabili
1101 2352 1386 2419 carmine
1433 2370 1552 2415 --:
1620 2350 1746 2417 hoc
1800 2371 1907 2417 me
1979 2350 2281 2418 consolor
2346 2352 2606 2420 illorum

463 2457 797 2547 exemplo:
845 2457 1124 2524 meliora
1155 2481 1290 2525 non
1321 2481 1604 2548 possum,
1654 2480 1802 2523 cum
1832 2457 2116 2524 abierint
2146 2460 2388 2526 usitat-a
2418 2462 2611 2550 copia

455 2574 522 2631 et
565 2566 857 2631 inventio
906 2574 972 2631 et
1015 2563 1178 2630 nihil
1224 2566 1439 2632 animo
1488 2572 1786 2631 occurrat
1828 2565 1955 2630 nisi
2000 2564 2277 2633 humiles
2338 2588 2608 2656 concep-

456 2672 669 2737 tiones
717 2679 784 2736 et
810 2670 1019 2738 verba
1067 2671 1330 2738 sordida
1379 2680 1446 2737 et
1489 2670 1809 2757 vulgaria.
1857 2670 1987 2737 Hic
2034 2681 2137 2737 est
2177 2692 2404 2741 sensus
2452 2677 2607 2743 satis

455 2780 476 2867 j
487 2801 592 2844 am
640 2778 906 2866 apertus
953 2786 1020 2844 et
1051 2778 1206 2843 hinc
1238 2787 1423 2867 patet
1453 2778 1867 2845 retinendum
1899 2800 2041 2843 esse
2073 2779 2243 2845 Non
2274 2783 2607 2847 tacuit.“

465 2884 654 2966 Quae
701 2884 769 2948 in
812 2906 1036 2950 errore
1083 2886 1336 2951 versari
1405 2884 1624 2951 omnia
1680 2904 1767 2949 ex
1809 2884 1890 2948 iis
1950 2883 2367 2973 intelligitur,
2438 2911 2605 2978 quae

456 3012 602 3055 cum
649 2989 732 3055 de
778 2990 1078 3058 versibus
1127 2990 1234 3058 25.
1285 2992 1372 3057 33
1431 2993 1569 3055 tum
1620 2990 1701 3055 de
1748 3011 1945 3056 versu
1990 2989 2077 3056 53
2126 2991 2605 3063 edisseruimus.

457 3098 682 3185 ltaque
730 3096 1091 3163 tollendum
1151 3100 1292 3187 jam
1340 3105 1440 3161 est
1484 3096 1663 3163 istud
1724 3118 1873 3161 non
1920 3097 2209 3181 tacuit,
2258 3100 2364 3165 cui
2409 3122 2605 3189 quum

459 3202 763 3291 praetexi
808 3204 1014 3291 possit
1059 3204 1200 3293 ipse
1245 3202 1690 3290 Rehdigerani
1736 3201 1887 3268 libri
1930 3223 2085 3267 non
2130 3207 2352 3270 tacui
2401 3216 2469 3271 et
2514 3228 2608 3273 re-

457 3307 777 3397 liquorum
809 3307 1107 3375 codicum
1153 3310 1515 3376 conticui
1547 3308 1879 3375 dissensus
1912 3317 1979 3374 et
2010 3312 2367 3377 auctoritas
2399 3312 2608 3379 Cottii

458 3413 700 3481 Lucan.
748 3414 880 3481 Vll.
929 3414 1060 3481 598
1110 3440 1175 3505 p.
1225 3418 1354 3483 232
1403 3425 1470 3481 et
1526 3438 1693 3503 quae
1752 3436 1875 3481 nos
1934 3416 2005 3480 in
2036 3416 2349 3485 'medium
2398 3418 2608 3485 attuli·

456 3541 600 3586 mus
644 3521 838 3609 Valg.
888 3545 952 3611 p.
1003 3523 1089 3588 87
1141 3530 1210 3588 et
1253 3522 1434 3589 vocis
1481 3544 1637 3587 non
1684 3530 1832 3587 ante
1882 3544 2031 3588 con
2077 3544 2283 3612 saepe
2334 3526 2606 3593 omissae

455 3634 656 3693 testes
715 3621 1094 3715 Madvigius
1155 3628 1482 3695 Emendd.
1558 3628 1703 3695 Liv.
1768 3650 1831 3715 p.
1891 3627 2021 3694 579
2112 3628 2606 3721 Seyffertusquc

456 3731 592 3797 Cic.
641 3734 835 3800 Tusc.
896 3733 938 3800 l.
991 3737 1098 3819 23,
1169 3735 1253 3799 54
1299 3759 1361 3823 p.
1421 3735 1523 3819 19,
1593 3732 1758 3800 falso
1828 3734 1927 3801 his
1994 3736 2439 3823 patrocinatus
2510 3748 2609 3804 est

459 3837 836 3907 Gronovius
865 3864 930 3929 p.
977 3838 1139 3907 591:
1187 3850 1464 3930 „estque
1513 3839 1721 3907 simile
1756 3841 1986 3907 vitium
2020 3864 2060 3907 a
2103 3839 2393 3910 librariis
2440 3866 2608 3910 com-

453 3944 722 4011 missum
767 3948 940 4014 infra
983 3972 1046 4014 v.
1100 3947 1210 4012 79:
1261 3970 1389 4035 quo
1424 3948 1668 4035 sospite
1702 3956 1892 4013 natos
1939 3948 2111 4013 Non
2140 3950 2412 4037 'cupiit
2460 3974 2607 4017 nam

451 4049 546 4115 ita
588 4060 768 4118 recte
815 4053 1174 4137 Domitius,
1246 4076 1393 4119 cum
1452 4053 1576 4119 Ms.
1626 4052 1947 4120 haberent
1993 4053 2047 4121 O
2064 4056 2412 4145 oncupii“;
2482 4056 2608 4125 hoc

460 4155 671 4244 ipsum
719 4160 892 4225 enim
939 4182 979 4225 a
1025 4160 1235 4227 Statio
1285 4159 1597 4248 scriptum
1646 4181 1789 4226 esse
1837 4161 2011 4227 infra
2056 4163 2446 4229 evincemus.

635 4262 820 4346 Quae
857 4288 1052 4355 quum
1103 4267 1199 4331 ita
1243 4266 1390 4349 sint,
1439 4288 1637 4355 quum
1666 4288 1800 4332 non
1832 4266 1957 4333 hoc
1986 4277 2243 4354 agatur,
2290 4278 2363 4335 ut
2410 4280 2606 4358 „post

463 4369 658 4435 funus
702 4370 852 4436 Lini
899 4372 1208 4438 cecinisse
1257 4370 1498 4460 aliquid
1547 4370 1965 4459 Apollinem“
2012 4373 2439 4460 intelligatur,
2490 4374 2606 4439 sed
