3234 4967
618 385 734 451 150
1502 386 1732 441 Adnot.
1768 387 1861 440 86.

612 616 709 681 pr.
758 594 923 679 Reg.
971 592 1328 659 Aonium.
1377 594 1652 661 Schrad.
1685 595 1918 660 Avien.
1963 594 2044 659 D.
2091 592 2170 659 Ο.
2204 594 2246 657 5
2279 618 2340 681 p
2373 594 2522 659 890.
2557 592 2762 661 Theb.

608 696 844 765 Parad.
864 722 929 786 p.
949 698 1097 765 265.
1117 698 1269 764 Sen.
1289 700 1465 766 Med.
1482 702 1634 767 408.
1653 698 2365 789 Charybdis-Ionium
2390 723 2570 767 mare
2589 700 2767 767 Sicu-

610 806 875 895 lumque
902 804 1196 873 sorbens.
1214 788 1391 873 Flor.
1410 817 1589 873 recte
1603 807 2067 874 Ausonium
2115 806 2223 872 De
2246 816 2523 895 utroque
2549 816 2766 873 autem

608 914 891 996 nomine,
942 935 1071 999 quo
1120 935 1275 979 usus
1320 924 1520 1002 poeta
1563 913 1885 981 Latium
1938 936 2162 979 usum
2211 922 2279 981 et
2321 912 2767 979 Ausonium

610 1017 909 1084 cultum
941 1019 1308 1106 composuit
1340 1018 1451 1108 (cf.
1482 1019 1673 1107 Virg.
1707 1019 1875 1085 Aen.
1909 1020 2073 1086 vm.
2125 1020 2294 1086 315:
2344 1020 2510 1102 Quis
2555 1042 2766 1107 neque

610 1148 753 1191 mos
798 1146 1013 1212 neque
1046 1124 1317 1190 cultus
1356 1135 1517 1191 erat.
1597 1124 1712 1192 Sil.
1746 1126 1899 1191 XV.
1939 1127 2096 1192 171:
2129 1126 2489 1215 Antiquam
2521 1148 2766 1191 morem

611 1231 865 1319 patriae
934 1230 1377 1320 cultumque
1447 1229 1892 1320 habitumque,
1913 1236 1954 1270 ‘⁴
2025 1225 2137 1319 qui
2205 1232 2382 1297 idem
2443 1233 2512 1297 in
2573 1230 2767 1319 longe

610 1336 741 1403 alia
790 1338 1117 1402 sententia
1146 1337 1336 1403 XVI.
1375 1338 1531 1402 117:
1578 1336 1848 1404 foedere
1895 1336 2164 1424 longum
2198 1336 2524 1426 Cultuque
2558 1336 2768 1403 Aene-

613 1443 809 1509 adum
856 1466 1094 1508 nomen
1141 1442 1489 1509 Masinissa
1550 1442 1920 1532 superbum.
1937 1446 1977 1482 “
2031 1442 2375 1510 Claudian.
2422 1444 2521 1510 IV
2570 1443 2766 1510 Cous.

614 1550 787 1615 Hon.
849 1550 1015 1613 487:
1077 1548 1146 1614 in
1203 1549 1430 1615 Latios
1476 1550 1686 1614 ritus
1742 1550 2094 1632 transistis,
2157 1548 2463 1639 Alani“),
2531 1551 2768 1615 omisso
2859 1552 2862 1557 ’

613 1654 885 1737 Ovidio‚
946 1655 1056 1742 qui
1101 1654 1398 1721 Bacchas
1446 1653 1710 1721 easdem
1754 1655 1933 1721 Fast.
1982 1655 2104 1722 VI.
2153 1656 2282 1721 498
2333 1654 2766 1739 AusoniaS,

607 1762 732 1826 501
762 1760 1067 1826 'Latias
1112 1762 1495 1843 nominavit,
1544 1760 1954 1828 commodum
2003 1770 2104 1827 est
2147 1783 2529 1849 comparare
2561 1762 2768 1851 Sulpi-

610 1869 774 1933 ciam
825 1866 981 1934 Sat.'
1022 1868 1138 1932 19:
1200 1867 1334 1934 Sed
1391 1890 1599 1956 genus
1645 1866 2083 1934 Ausonium
2137 1866 2604 1957 Remulique
2661 1892 2767 1935 ex-

616 1973 842 2040 turbat
892 1974 1276 2056 alumnos“,
1334 1972 1448 2039 ubi
1503 1972 1638 2037 dici
1680 1972 2026 2040 Latinos
2085 1982 2152 2039 et
2219 1974 2610 2040 Romanos
2677 1976 2769 2041 ait

606 2079 1025 2145 Boxhornius
1071 2103 1136 2167 p.
1184 2079 1317 2145 422
1363 2080 1445 2144 cf.
1494 2076 1605 2145 Sil.
1656 2079 1880 2145 XVII.
1935 2080 2062 2144 190
2109 2103 2203 2167 sq.
2245 2079 2408 2145 Stat.
2457 2079 2611 2147 Silv.
2662 2082 2767 2147 ln.

608 2186 671 2269 4,
724 2188 835 2252 183
884 2186 1149 2276 Jupiter
1195 2184 1615 2271 Ausonius
1670 2186 1921 2273 pariter
1967 2186 2456 2274 Romanaque
2501 2186 2767 2271 Juno“,

609 2316 687 2359 ac
730 2292 1068 2359 Lucanum
1120 2293 1174 2357 I.
1230 2292 1299 2357 9:
1377 2289 1702 2358 Gentibus
1771 2292 2006 2361 invisis,
2059 2291 2382 2359 Latium
2448 2294 2769 2381 praebere

611 2410 910 2466 cruorem
970 2399 1267 2489 Cumque
1330 2398 1614 2486 superba
1674 2398 1845 2464 foret
1891 2396 2197 2486 Babylon
2259 2396 2601 2485 spolianda
2646 2408 2770 2465 tro-

613 2508 796 2595 paeis
843 2505 1237 2571 Ausoniis
1284 2544 1372 2555 --
1416 2503 1605 2570 Bella
1651 2505 1792 2591 geri
1838 2504 2141 2593 placuit“
2187 2502 2549 2595 Siliumque
2581 2496 2810 2571 VIII.'

614 2611 743 2677 675
778 2636 873 2700 sq.
914 2610 1260 2677 Ausonii
1282 2610 1603 2701 triumphi*
1634 2650 1722 2659 -—
1753 2610 2031 2676 Latias
2064 2610 2308 2677 ruinas.
2336 2610 2491 2677 XV.
2517 2612 2647 2677 383
2675 2635 2771 2701 sq.

621 2718 803 2784 XVl.
837 2718 1002 2783 2143
1052 2718 1319 2800 Quanta
1346 2740 1468 2807 per
1496 2714 1911 2782 Ausonios
1956 2716 2234 2806 populos
2266 2756 2355 2765 --
2386 2716 2774 2806 Tempestas

608 2835 756 2891 ruat
814 2832 879 2889 et
932 2824 1167 2889 Latio
1227 2846 1533 2912 suprema
1587 2825 1954 2889 minetur.“
2012 2822 2058 2887 Ι.
2110 2824 2227 2889 703
2275 2814 2440 2889 fines
2485 2822 2772 2890 Italum

610 2931 1175 3018 Saturniaque
1225 2954 1443 2997 arva.
1493 2930 1574 2997 cf.
1607 2929 1796 3017 Virg.
1845 2929 2014 2996 Aen.
2063 2928 2183 2995 IV.
2233 2930 2397 2995 2363
2443 2930 2584 2995 Nec
2629 2952 2774 3017 pro-

609 3036 739 3103 lem
784 3036 1229 3102 Ausoniam
1280 3045 1347 3101 et
1390 3036 1734 3103 Lavinia
1778 3034 2047 3123 respicit
2093 3058 2277 3101 arva.
2330 3033 2771 3103 1.2.Sil.111.

614 3144 777 3209 5113
824 3144 954 3208 Hie
998 3138 1187 3208 labor
1230 3124 1713 3226 Ausoniam,
1771 3141 1954 3208 dabit
1998 3141 2167 3206 hie
2148 3164 2218 3206 m
2262 3139 2525 3207 vincula
2569 3140 2775 3231 Thy-

612 3250 872 3315 brim“
935 3247 1245 3338 (quocum
1308 3248 1528 3313 differt
1571 3248 1755 3314 XVl.
1819 3273 1883 3314 v.
1932 3248 2067 3313 680
2113 3272 2207 3337 sq.
2257 3256 2324 3315 et
2371 3246 2775 3315 Claudianus

614 3354 731 3422 IV.
782 3354 981 3421 Cons.
1029 3352 1204 3419 Hon.
1252 3350 1415 3419 578:
1477 3352 1922 3449 Thybridis
1984 3362 2050 3419 et
2110 3353 2328 3420 Latii
2391 3354 2688 3421 suboles‘
2693 3354 2770 3445 ‘.)

611 3462 733 3528 IV.
784 3462 945 3527 731:
992 3459 1225 3541 Latio
1272 3458 1672 3525 lacrimabile
1721 3482 1960 3525 nomen
2005 3455 2360 3545 Hannibal,
2405 3459 2776 3527 Ausonia-

622 3569 675 3633 si
736 3576 801 3635 te
848 3564 1147 3633 Fortuna
1205 3574 1512 3650 creasset,
1572 3564 1683 3631 Ad
1741 3588 2018 3652 magnos
2064 3574 2340 3633 venture
2397 3567 2573 3633 deos.
2598 3572 2639 3607 “
2683 3567 2770 3633 X.

613 3668 1036 3739 482'Latio
1100 3693 1247 3758 spes
1306 3664 1500 3737 unica
1556 3710 1646 3719 ——
1704 3672 2149 3739 Ausoniam
2211 3682 2424 3739 tecum
2486 3672 2775 3739 trahis.“

626 3781 732 3848 Vl.
782 3780 945 3845 2423
1008 3778 1233 3844 Itala
1288 3778 1496 3867 pubes
1542 3778 1763 3865 Terga
1820 3778 2049 3844 damus
2094 3778 2492 3869 Libycisque
2547 3802 2774 3869 parem

616 3880 767 3953 non'
832 3909 976 3951 esse
1054 3874 1337 3951 fatemur
1408 3883 1753 3972 Anguibus
1828 3883 2241 3950 Ausoniam?
2315 3885 2541 3953 XVII.
2611 3886 2773 3951 405:

618 3990 955 4059 Hannibal
1043 3990 1410 4057 Ausonia
1500 3992 1762 4078 genitus
1850 3992 1905 4055 si
1992 3990 2147 4056 sede
2236 3992 2486 4076 fuisset,
2577 3992 2777 4058 Haud

624 4097 929 4165 dubitant
995 4107 1207 4164 terras
1273 4097 1493 4165 Itala
1558 4099 1627 4163 in
1697 4097 1945 4165 ditione
2014 4100 2287 4164 futuras.
2308 4103 2349 4137 “
2439 4096 2554 4164 VI.
2618 4097 2776 4165 5963

624 4203 817 4272 Jovis
908 4202 1020 4269 illa
1105 4206 1321 4269 ruenti
1395 4203 1810 4270 Ausoniae
1903 4213 2100 4292 atque
2193 4202 2434 4271 Italis
2521 4214 2778 4293 tempus

628 4304 1053 4415 protendere
1101 4310 1380 4397 regnis
1451 4310 1631 4378 Cura
1699 4312 1838 4376 fuis.
1929 4310 2084 4377 XV.
2157 4312 2319 4376 393:
2395 4308 2777 4385 Marcellum

638 4406 1023 4483 abstulimus
1114 4408 1383 4501 Lati03
1464 4410 1796 4505 deponere
1894 4418 2113 4483 forsan
2227 4416 2408 4483 Gens
2505 4415 2775 4482 ltalum
