3234 4967
612 360 709 409 186
1424 356 1768 421 conjunct,
1808 356 1932 407 VII.

606 530 659 579 in
694 528 813 579 Val
854 524 1025 582 Flaee.
1063 528 1103 577 1.
1146 530 1241 579 108
1278 544 1328 593 p.
1366 528 1434 578 34
1486 540 1594 576 ιιοιι
1649 527 2002 577 animadverso
2038 514 2280 577 'Heinsius
2325 525 2486 593 Epist.
2535 528 2598 577 ad
2637 526 2753 577 Fal-

610 629 785 665 coner.
824 611 1143 665 CCGCLXI
1187 629 1237 678 p.
1287 613 1404 666 533.
1477 610 1605 677 Syll.
1642 611 1695 660 V
1749 620 1798 662 et
1843 612 1980 663 Adv.
2016 611 2055 665 1.
2100 615 2163 663 10
2197 628 2246 677 p.
2288 614 2386 663 103
2439 613 2512 663 sie
2567 612 2755 663 mederi

608 701 856 750 instituit:
892 700 968 749 ud
984 714 1055 749 ae
1081 699 1153 747 sie
1178 696 1442 762 transfuga
1462 697 1661 756 Pisae‚“
1685 698 1975 762 aperuimus
2000 712 2204 748 cansam
2231 705 2285 747 et
2309 686 2575 763 originem.
2612 698 2752 747 Idem

594 785 851 835 *Heinsius
887 786 1063 836 eadem
1103 784 1299 833 ratione
1337 783 1731 833 succurrendum
1769 790 2033 850 putaverat
2070 783 2194 835 Silv.
2233 782 2290 832 11
2343 785 2392 843 2,
2431 785 2522 835 151

999 887 1108 937 Dat
1143 897 1325 935 natura
1358 886 1530 937 locum
1566 885 1829 949 montique
1865 886 2137 937 intervenit
2171 887 2360 935 udum

1000 971 1158 1024 Litus.

611 1077 693 1125 De
729 1090 837 1139 quo
874 1074 991 1125 loeo
1029 1089 1183 1139 quum
1220 1074 1308 1123 alii
1346 1072 1495 1123 aliter
1532 1075 1822 1136 sensissent,
1857 1088 2020 1139 nuper
2044 1073 2306 1133 Queekius
2343 1074 2640 1125 deliberatis
2674 1074 2754 1124 his

611 1176 659 1225 p.
695 1160 860 1211 XIVz
911 1173 1139 1223 „unum
1186 1158 1308 1208 litus
1358 1158 1499 1208 Vrat.
1544 1158 1664 1209 Par.
1716 1160 1964 1225 plurimae
2009 1160 2174 1221 editt.;
2231 1157 2526 1209 Gronovius
2573 1164 2754 1209 imum

612 1245 853 1308 conjecit,
897 1245 1033 1307 quod
1074 1244 1222 1293 etiam
1262 1246 1313 1294 in
1349 1245 1469 1295 Seu.
1519 1260 1628 1294 esse
1665 1244 1880 1295 videtur.
1950 1244 2090 1294 Ante
2127 1245 2319 1294 Markl.
2363 1244 2470 1307 jam
2508 1244 2756 1293 Heinsius

611 1330 900 1393 conjecerat
934 1330 1147 1387 unium,
1194 1331 1328 1393 qnod
1364 1330 1626 1396 epitheton
1663 1330 1853 1394 pariter
1888 1330 2106 1379 otiosum
2141 1340 2232 1382 est.
2305 1330 2481 1379 Placet
2528 1343 2755 1378 uncum

617 1414 876 1477 (Gronov,
916 1422 967 1463 et
1000 1410 1351 1477 Doellingius)
1392 1422 1479 1463 aut
1514 1430 1777 1463 curvum
1813 1414 1877 1467 cf.
1917 1414 2016 1465 111.
2048 1418 2090 1475 1,
2113 1416 2243 1465 100“
2279 1430 2345 1464 ex
2371 1414 2586 1473 duobus,
2624 1427 2758 1478 quae

610 1500 773 1563 liquet
806 1500 1061 1549 deteriora
1096 1512 1206 1548 esse
1242 1498 1438 1547 Heinsii
1475 1500 1700 1560 invento,
1736 1500 1903 1563 ipsum
1929 1500 1978 1549 id
2007 1499 2177 1565 elegit,
2217 1483 2316 1562 quo
2353 1500 2520 1549 electo
2543 1524 2604 1534 -—
2628 1498 2756 1547 mira

612 1587 740 1635 fides
781 1610 840 1619 —
872 1584 982 1648 jam
1028 1585 1161 1633 hunc
1208 1598 1407 1633 versum
1445 1600 1493 1649 p.
1516 1584 1582 1635 35
1621 1592 1674 1633 et
1705 1583 1840 1634 XIV
1888 1585 2141 1649 proditum
2189 1586 2452 1635 videmus:
2498 1584 2756 1647 montique

611 1670 910 1720 intervenit
945 1669 1237 1719 curvum.“
1305 1668 1410 1719 Sed
1457 1681 1511 1718 ut
1556 1671 1763 1720 missum
1809 1668 2078 1728 faciamus,
2125 1670 2259 1732 quod
2297 1670 2378 1719 vel
2415 1684 2529 1717 cum
2583 1668 2753 1717 taedio

612 1755 992 1826 commemorari
1031 1754 1255 1819 oportuit
1290 1752 1381 1817 (ef.
1426 1753 1570 1804 VIII.
1604 1753 1757 1803 XVI.
1795 1755 1967 1805 adnot.
2005 1752 2182 1818 Eclog.
2222 1769 2265 1806 v,
2305 1756 2334 1803 2
2373 1771 2421 1821 p.
2447 1755 2525 1804 16.
2575 1752 2756 1806 Imhof.

612 1838 828 1891 Condic.
868 1837 991 1888 Crit.
1016 1856 1066 1904 p.
1086 1839 1193 1903 44),
1230 1854 1293 1888 ne
1329 1839 1581 1889 levissima
1617 1839 1820 1902 quidem
1857 1840 2149 1905 suspicione
2176 1840 2406 1900 attigisse
2432 1840 2598 1889 adhue
2624 1839 2759 1901 quis-

614 1940 765 1989 quam
807 1925 1007 1973 videtur
1042 1924 1191 1975 Statii
1236 1926 1553 1975 sententiam.
1625 1925 1707 1974 De
1754 1940 1856 1989 qua
1903 1935 2045 1975 certo
2091 1925 2410 1974 existimatur
2452 1938 2518 1973 ex
2562 1923 2759 1972 verbist

612 2011 787 2071 „Dat
822 2018 1063 2059 natura
1099 2011 1363 2063 locum.“
1419 2009 1567 2069 Quae
1600 2011 1732 2059 enim
1772 2010 1952 2061 cedit
1987 2020 2173 2059 natura
2211 2006 2290 2073 (ut
2308 2009 2496 2065 Achill,
2534 2010 2604 2064 11,
2631 2011 2759 2061 315:

614 2095 853 2159 „Datque
904 2095 1075 2144 locum
1113 2096 1305 2145 virtus“
1342 2093 1405 2145 cf.
1445 2094 1606 2144 Theb.
1637 2094 1704 2145 V.
1726 2097 1842 2147 429.
1882 2095 2004 2149 VII.
2039 2096 2148 2158 72),
2181 2096 2286 2159 jam
2325 2097 2448 2145 haec
2485 2094 2615 2145 mira
2649 2096 2758 2144 fieri

614 2181 819 2242 patitur,
859 2188 914 2230 ut
950 2181 1152 2231 monti
1189 2196 1435 2245 aequor
1468 2176 1776 2230 interveniat
1812 2179 1942 2244 (sive
1977 2178 2283 2241 infusum,
2318 2188 2378 2229 ut
2413 2181 2484 2230 ait
2519 2181 2756 2230 Avienus

611 2267 680 2315 D.
718 2265 778 2316 O.
818 2268 898 2325 77,
936 2281 1179 2331 aequor
1226 2275 1446 2315 montem
1498 2266 1704 2317 intret
1747 2266 1918 2319 Heius.
1959 2268 2096 2317 Adv.
2134 2266 2204 2317 11.
2241 2268 2276 2315 4
2312 2279 2362 2327 p.
2399 2267 2498 2316 237
2549 2266 2633 2316 vel
2679 2268 2760 2316 ir·

614 2360 857 2412 rumpat
906 2349 995 2404 Sil
1034 2350 1156 2400 XV.
1198 2352 1321 2411 167,
1376 2349 1586 2404 Schrad.
1635 2352 1819 2401 Avien.
1866 2352 1934 2402 D.
1973 2351 2035 2402 Ο.
2075 2353 2172 2403 106
2215 2364 2264 2412 p.
2301 2353 2446 2413 908),
2499 2352 2655 2402 litus
2707 2352 2760 2401 in

614 2450 890 2503 opaeum
928 2445 1094 2497 exeat,
1131 2452 1232 2485 non
1266 2436 1320 2485 in
1356 2444 1660 2497 apertum.
1715 2436 1890 2497 Quare
1927 2452 2081 2501 quum
2117 2439 2302 2487 udum
2337 2452 2441 2486 non
2478 2437 2546 2486 sit
2579 2452 2640 2487 eo
2666 2452 2762 2487 usu

614 2531 895 2584 receptum,
958 2538 1061 2587 quo
1109 2522 1244 2573 inter
1302 2520 1527 2573 Graeeos
1574 2518 1701 2591 ὑγρή
1750 2521 2056 2586 (Menophil.
2104 2536 2187 2585 ap.
2244 2518 2387 2573 Stob.
2423 2523 2506 2583 65,
2543 2524 2574 2572 7
2610 2520 2674 2574 Τ.
2710 2521 2766 2573 11

614 2621 664 2670 p,
699 2609 831 2659 4332
876 2602 999 2657 ὅσσα
1042 2622 1135 2677 περ
1172 2603 1318 2673 ἔτλην
1358 2599 1519 2678 Ὕγρῇ
1562 2622 1620 2656 τε
1662 2613 1890 2678 τραφερή
1933 2624 1989 2657 τε
2033 2604 2378 2675 κυλινδόμενος
2419 2605 2533 2677 περὶ
2576 2603 2765 2657 νόστον.

614 2694 857 2743 Rittersh.
898 2692 1117 2755 Oppian.
1160 2692 1283 2758 Cyn
1325 2692 1367 2741 Ι.
1408 2696 1465 2741 11
1511 2705 1559 2753 p.
1595 2695 1630 2743 4
1667 2702 1718 2744 et
1751 2694 1872 2745 Hal.
1908 2693 1951 2743 Ι.
1989 2696 2090 2744 204
2125 2706 2172 2754 p.
2215 2696 2328 2748 186.
2401 2693 2569 2747 Boiss.
2609 2692 2764 2745 Psell.

615 2790 664 2839 p.
693 2780 793 2829 206
830 2778 892 2827 cf.
928 2778 1110 2832 Avien.
1137 2781 1280 2831 Atat.
1308 2778 1507 2828 Phaen.
1529 2780 1660 2831 755:
1695 2794 2048 2843 „mersumque
2085 2791 2176 2840 per
2211 2774 2482 2828 humida
2517 2776 2766 2843 quaerit-‘⁴

614 2863 748 2915 Plin.
786 2863 847 2913 N.
885 2864 951 2913 H.
988 2863 1217 2915 XXXV.
1256 2866 1304 2923 7,
1342 2864 1405 2915 31
1444 2876 1495 2925 p.
1535 2866 1666 2915 222:
1704 2866 1986 2929 „udoque
2021 2865 2164 2915 inlini
2203 2865 2513 2928 recusant“)‚
2551 2864 2764 2924 primum

625 2964 731 2999 non
769 2949 950 2999 dubito
986 2950 1278 2999 restituere:

1280 3053 1539 3116 montique
1575 3052 1850 3102 intervenit
1887 3052 1922 3101 h
1933 3068 1967 3101 ιι
1981 3069 2026 3102 ιιι
2040 3068 2070 3103 ο
2084 3068 2109 3101 ι·

622 3152 826 3219 (umor
861 3154 1080 3204 Puteau.
1116 3153 1340 3204 Martial.
1376 3154 1502 3204 ΧΠ.
1542 3157 1622 3216 82,
1664 3158 1746 3208 12.·
1814 3154 2024 3205 Lachm.
2061 3154 2269 3208 Lucret.
2307 3154 2402 3205 VI.
2440 3154 2539 3206 523
2580 3168 2626 3215 p.
2649 3156 2766 3207 377.

619 3242 804 3291 Avien.
844 3239 905 3290 O.
942 3240 1015 3290 M.
1039 3242 1167 3289 1212
1204 3242 1408 3304 „segnis
1445 3241 1662 3290 humor
1699 3241 1935 3305 aequoris
1970 3239 2175 3305 pigri“).
2231 3240 2383 3301 Quod
2419 3242 2581 3300 ipsum
2617 3256 2767 3289 voea-

620 3326 796 3375 bulum
834 3326 1063 3374 invenire
1100 3341 1179 3375 me
1218 3326 1418 3375 memini
1458 3327 1584 3375 miro
1623 3342 1743 3375 casu
1788 3325 2051 3377 suffectum
2088 3326 2234 3376 alteri
2279 3327 2330 3375 in
2369 3320 2634 3375 Thebaide
2671 3324 2766 3376 VI.

620 3413 747 3461 241:
785 3412 1149 3475 „deprenditur
1182 3408 1419 3462 unus“:
1453 3412 1579 3461 haec
1619 3412 1751 3461 enim
1795 3411 1946 3461 verba,
1982 3418 2115 3461 recte
2151 3412 2351 3472 prodita
2385 3406 2614 3461 aServio
2635 3409 2766 3464 Aen.

620 3492 776 3547 V111.
818 3498 919 3547 590
954 3508 1001 3556 p.
1028 3498 1146 3557 491,
1186 3497 1361 3545 vitiose
1398 3497 1603 3557 scripta,
1641 3504 1697 3545 ut
1731 3498 1953 3547 diximus
1991 3496 2144 3561 Velg.
2183 3509 2231 3557 p.
2255 3499 2491 3558 451,·ap.
2517 3497 2767 3547 Isidorum

621 3582 721 3636 111,
764 3584 843 3642 70,
884 3583 947 3632 19
983 3594 1031 3642 p.
1070 3583 1167 3631 133
1205 3590 1258 3630 et
1292 3582 1621 3647 Anonymum
1665 3583 1728 3631 de
1765 3582 2018 3646 Computo
2067 3594 2144 3641 ap.
2180 3584 2428 3634 Murator.
2465 3580 2666 3632 Anecd.
2704 3581 2767 3631 Τ.

622 3667 704 3717 111
726 3682 767 3721 c,
791 3669 875 3729 42,
914 3678 1177 3727 perpetum
1216 3674 1449 3716 correcta
1476 3683 1506 3716 a
1526 3666 1778 3717 Paldamo
1804 3667 2070 3717 Horatian.
2095 3680 2142 3727 p.
2164 3668 2194 3717 3
2233 3668 2328 3718 sic:
2366 3668 2395 3715 d
2413 3665 2475 3716 ef
2481 3666 2768 3726 cuditur,

622 3754 675 3801 in
726 3753 863 3803 hane
916 3754 1137 3812 speeiem
1192 3760 1435 3813 corrupta
1472 3751 1643 3802 Titius
1693 3753 1863 3802 attulit
1906 3750 2143 3813 Calpurn.
2182 3752 2295 3802 Ecl.
2330 3752 2396 3805 V.
2437 3754 2531 3801 121
2569 3752 2766 3815 ι).684;

624 3838 1008 3898 deperditur
1044 3838 1320 3888 humor.“·
1385 3832 1591 3888 Deinde
1627 3851 1780 3899 quum
1817 3845 1868 3887 et
1915 3846 2050 3887 recte
2088 3836 2424 3888 Marklandus
2478 3848 2618 3887 certe
2672 3838 2769 3886 hoc

623 3925 977 3973 admonuerit:
1017 3923 1393 3984 „suspicionem
1441 3924 1608 3972 mendi
1656 3922 1826 3972 intulit
1869 3938 2044 3973 versus
2093 3923 2276 3972 abhinc
2323 3923 2600 3973 secundus:
2636 3930 2686 3971 et
2740 3936 2768 3970 s

625 4008 820 4059 terris
858 4009 1079 4060 occurrit
1116 4007 1277 4057 duleis
1304 4018 1489 4057 ‘amaro
1518 4007 1758 4073 Nympha
1783 4008 1944 4057 mari“
1982 4014 2034 4057 et
2057 4022 2208 4057 voces
2245 4016 2449 4059 terras
2474 4006 2768 4073 (terras),

626 4099 878 4144 teneras
916 4105 1011 4151 pro
1035 4094 1360 4154 tenebras,
1399 4101 1692 4143 terrenas
1718 4104 1809 4153 pro
1834 4100 2100 4143 teneras
2126 4094 2326 4155 saepius
2351 4101 2588 4144 exaratas
2613 4092 2769 4143 fuisse

628 4280 715 4343 qui
749 4281 802 4331 in
838 4280 1006 4329 omni
1046 4280 1234 4341 populo
1270 4277 1541 4331 haereret“
1578 4280 1820 4331 evicimus
1855 4281 2010 4333 Anal.
2047 4281 2200 4342 Prop.
2237 4281 2291 4332 X
2327 4294 2376 4343 p,
2397 4282 2479 4332 64.
2517 4282 2633 4332 add.
2661 4281 2770 4331 Do-

629 4357 733 4398 nat.
772 4361 852 4409 ap.
892 4349 1101 4398 I’utsch.
1139 4348 1345 4399 Sallust.
1384 4350 1561 4414 fragm.
1599 4362 1651 4410 p.
1691 4352 1820 4402 516:
1859 4353 1943 4411 „in
1979 4365 2068 4400 ore
2106 4358 2181 4401 est
2216 4351 2379 4403 omni
2415 4348 2704 4411 popu10.“
