3234 4967
665 377 765 428 242
1192 399 1204 405 -
1481 372 1771 438 Coniect.
1808 371 1985 427 xv—n.

667 551 717 594 et
752 535 945 610 queat
979 561 1010 594 a
1045 545 1272 596 Marullo
1325 561 1422 610 pro
1473 545 1651 594 cluet
1704 544 1928 608 positum
1981 545 2120 606 apud
2158 543 2450 594 Lucretium
2494 542 2587 596 IV.
2625 539 2712 606 53)
2750 543 2803 592 id

665 639 746 682 est
780 630 1114 694 praecinit
1172 629 1261 692 (ef.
1299 629 1473 679 Burin.
1508 629 1670 684 Antii.
1706 627 1821 678 Lat.
1856 627 1930 680 11.
1971 629 2083 689 144,
2123 630 2187 678 12
2234 644 2285 694 p.
2323 628 2422 680 327
2484 635 2535 677 et
2568 627 2802 694 Mantiss.

661 728 714 782 p.
751 716 866 765 707.
935 714 1106 780 Kopp.
1165 715 1411 765 Mareian.
1468 713 1596 778 Cap.
1650 715 1690 764 Ι.
1727 715 1761 763 4
1814 731 1861 778 p.
1923 715 1999 763 14.
2071 715 2175 786 Jnl.
2218 713 2392 764 Valet.
2448 711 2590 765 Gest.
2645 712 2800 762 Alex.

665 799 708 850 1.
745 797 855 862 38).
1449 811 1458 821 ·

805 883 1032 934 Ventum
1067 891 1144 936 est
1179 887 1246 934 ad
1281 887 1477 934 'versum
1518 883 1598 944 16,
1636 899 1783 948 quem
1822 884 1896 934 sic
1933 885 2206 949 scriptum:

1243 1011 1424 1074 Largis
1459 1011 1820 1074 gratuitum
1858 1011 1997 1060 cadit
2033 1011 2221 1074 rapinis

665 1153 765 1192 non
802 1140 955 1189 modo
991 1154 1084 1203 pro
1121 1134 1418 1202 incorrupto
1455 1147 1573 1202 post
1611 1140 1877 1188 Barthium
1914 1139 2050 1191 Adv.
2089 1137 2237 1189 XVI,
2279 1141 2306 1187 1
2348 1152 2397 1201 p.
2436 1139 2535 1189 825
2572 1136 2801 1202 aliosque

664 1223 908 1290 plurimos
945 1223 1124 1272 habuit
1157 1223 1268 1287 ipse
1305 1223 1551 1272 Imhofius
1589 1223 1770 1286 Eclog.
1809 1226 1875 1272 ad
1914 1221 2014 1274 Ux.
2054 1225 2152 1273 104
2187 1239 2235 1288 p.
2275 1224 2357 1272 27.
2393 1223 2647 1272 Emendd.
2675 1220 2801 1271 Stat.

663 1327 714 1374 p.
752 1309 800 1366 5,
835 1309 925 1358 sed
963 1307 1088 1357 Luc.
1123 1307 1402 1358 Muellerus
1437 1307 1774 1358 firmissimam
1811 1308 1955 1372 quasi
1991 1309 2159 1358 sedem
2199 1315 2250 1356 et
2284 1307 2670 1362 fundamentum
2712 1321 2801 1354 vo·

665 1394 760 1444 luit
795 1409 905 1444 esse
942 1393 1293 1444 constituendi·
1323 1393 1475 1455 hujus
1515 1395 1783 1456 praecepti
1820 1395 1885 1442 de
1921 1395 1998 1443 Re
2034 1393 2185 1443 Metr.
2222 1391 2318 1442 1v.
2358 1408 2406 1457 p.
2446 1394 2573 1443 258:
2629 1387 2801 1452 „for-

665 1479 871 1530 tuitus
911 1492 1218 1542 quamquam
1253 1478 1388 1527 haud
1426 1477 1578 1526 dubie
1615 1478 1774 1540 longa
1808 1479 1822 1524 i
1860 1480 2066 1543 ponitur
2102 1494 2132 1526 a
2171 1477 2357 1526 Plauto
2416 1483 2467 1524 et
2499 1475 2713 1525 Horatio
2752 1481 2818 1524 et'

661 1562 927 1624 Phaedre,
965 1573 1130 1612 tamen
1169 1565 1344 1611 eodem
1375 1562 1494 1624 jure
1532 1577 1633 1628 qno
1674 1563 1997 1625 gratuitus
2037 1561 2188 1624 (Stat.
2226 1562 2351 1612 Silv.
2390 1560 2432 1611 I.
2472 1561 2517 1620 6,
2558 1559 2643 1624 16)
2682 1575 2800 1609 ean-

667 1650 781 1698 dem
819 1647 1070 1712 corripiet.
1143 1645 1325 1710 Neque
1361 1647 1508 1695 aliter
1542 1647 1699 1696 stabit
1732 1661 1909 1696 versus
1947 1646 2146 1696 Manilii
2185 1647 2223 1696 1.
2267 1647 2389 1696 182:
2460 1659 2575 1694 nam
2638 1631 2799 1708 neque

663 1733 980 1784 fortuitos
1015 1739 1193 1781 ortus
1229 1733 1641 1795 surgentibus
1678 1732 1897 1792 astris,
1952 1747 2065 1780 cum
2102 1731 2359 1780 abstineat
2390 1730 2477 1778 ille
2515 1730 2651 1780 omni
2688 1743 2800 1794 syn-

667 1817 879 1868 baeresi.
955 1816 1129 1876 Quare
1166 1829 1314 1864 versu
1367 1825 1438 1864 ut
1487 1823 1616 1880 puta
1668 1811 1767 1866 hoc
1804 1817 2093 1866 Juvenalis:
2146 1831 2275 1880 „non
2316 1813 2459 1878 quasi
2494 1813 2801 1883 fortuitus

666 1917 782 1952 nec
835 1908 1172 1951 vent-orum
1227 1899 1404 1950 rabie
1460 1901 1561 1950 sed
1617 1917 1720 1950 non
1760 1902 1980 1950 dicemus
2017 1902 2147 1950 illud
2186 1903 2319 1966 quod
2358 1909 2433 1951 est
2484 1899 2801 1952 fortuitus
2902 1933 2905 1935 Α

663 2001 754 2052 per
789 1985 1042 2052 synizesin
1079 1985 1286 2049 explere
1314 1984 1604 2046 molossum,
1646 1987 1731 2034 sed
1759 1987 1923 2051 potius
1946 1987 2153 2050 integris
2176 1987 2385 2052 syllabis
2405 1981 2801 2036 choriambum“.

665 2068 874 2120 Scilicet
907 2069 1178 2119 fortissime
1215 2067 1468 2119 affirmare
1505 2071 1636 2120 solet
1683 2073 1837 2121 homo
1876 2071 2218 2132 doctissimus,
2280 2071 2366 2136 qui
2423 2087 2487 2120 ne
2544 2069 2800 2120 minimum

667 2155 871 2219 quidem
909 2155 1054 2206 Statii
1094 2147 1266 2204 studio
1304 2155 1519 2204 contulit
1555 2156 1882 2220 stipendium.
1954 2155 2206 2218 Equidem
2260 2157 2343 2205 hie
2394 2155 2629 2220 longiore
2681 2154 2801 2204 nolo

663 2239 878 2290 exordio
915 2239 1184 2298 disserere,
1241 2247 1429 2304 quanto
1471 2241 1669 2289 cautius
1710 2250 1761 2289 et
1795 2241 1881 2300 iis,
1947 2256 2076 2305 quos
2113 2254 2266 2305 supra
2302 2241 2693 2300 nominavimus,
2722 2247 2802 2288 'et

565 2355 567 2357 ·
665 2322 1028 2388 Peerlkampio
1066 2325 1191 2374 Hor.
1229 2323 1399 2375 Carm.
1437 2323 1507 2374 11.
1547 2326 1611 2374 15
1650 2340 1698 2387 p.
1740 2325 1837 2374 213
1890 2325 1944 2373 in
1996 2325 2095 2374 hac
2148 2325 2203 2374 r'e
2240 2322 2579 2392 disceptanda
2616 2322 2802 2374 versati

664 2409 764 2456 sint
797 2407 1090 2472 Lennepius
1127 2409 1264 2458 Add.
1319 2411 1371 2458 in
1408 2407 1699 2458 Terentian.
1736 2409 1902 2458 Maur.
1941 2425 1988 2474 p.
2027 2411 2129 2459 430
2183 2421 2233 2458 et
2269 2411 2589 2460 Schraderus
2630 2409 2800 2459 Praef.

662 2491 912 2542 Emendd.
950 2507 998 2556 p.
1037 2481 1267 2542 XXVII.
1305 2504 1404 2555 sq.t
1477 2493 1574 2542 hoc
1613 2493 1753 2542 enim
1790 2495 2041 2556 agendum
2079 2502 2176 2555 est,
2216 2503 2271 2544 ut
2304 2495 2457 2559 plane
2492 2495 2803 2560 percipiatur

662 2577 787 2626 illud
843 2577 1048 2640 quidem
1101 2577 1406 2627 vocabulum
1443 2593 1474 2627 a
1511 2579 1677 2629 Statio
1731 2593 1835 2627 non
1887 2578 2043 2629 fuisse
2094 2581 2466 2644 consignatum.
2536 2575 2647 2630 Nec
2682 2593 2802 2628 vero

663 2675 776 2711 cum
814 2659 1102 2712 Schrader-0
1138 2661 1298 2723 facio,
1355 2664 1440 2728 qui
1481 2663 1803 2726 „delendum‚
1840 2665 2019 2727 inquit,
2057 2677 2251 2713 versum
2290 2667 2449 2714 videri
2487 2667 2619 2716 dico.
2690 2665 2803 2715 Hoc

667 2747 858 2796 docent
895 2746 1110 2796 confusa
1147 2736 1378 2812 tempora
1414 2749 1588 2798 cadit
1624 2757 1869 2812 sequente
1907 2749 2255 2798 cadebant:
2324 2751 2427 2799 hoc
2481 2749 2667 2798 violata
2714 2750 2803 2799 lex

663 2831 924 2882 carminis:
993 2833 1092 2882 hoc
1145 2832 1277 2881 aliae
1335 2833 1604 2893 rationes,
1646 2833 1828 2896 quibus
1884 2841 2050 2884 motus
2086 2829 2423 2884 Marklaudus
2462 2835 2678 2883 eundem
2714 2834 2801 2883 vel

663 2918 892 2982 spurium
929 2917 1006 2967 vel
1044 2919 1375 2982 depravatum
1417 2931 1527 2967 esse
1565 2919 1829 2967 censebat:
1883 2933 2048 2982 neque
2086 2919 2216 2968 enim
2254 2920 2331 2968 vir
2367 2933 2589 2968 summus
2627 2939 2688 2956 ὺ-
2724 2920 2800 2983 in-

667 3002 808 3066 signe
844 3002 1019 3052 vitium
1055 3003 1110 3052 in
1146 3003 1298 3052 modo
1323 3002 1554 3067 syllabae
1584 2987 1753 3053 vidit!
1794 3003 2112 3066 Longissima
2138 3005 2269 3052 enim
2295 3005 2547 3054 abhorreo
2571 3020 2601 3053 a
2628 3001 2800 3054 Mark-

659 3086 819 3148 landi,
855 3086 1216 3152 Peerlkampii,
1254 3087 1496 3148 aliorum,
1537 3103 1666 3153 qnos
1710 3091 1915 3138 notandi
1956 3091 2153 3154 copiam
2189 3089 2271 3138 hic
2307 3089 2510 3140 libellus
2546 3089 2685 3150 fecit,
2724 3104 2801 3138 ra-

660 3173 818 3233 tione,
880 3171 967 3236 qui
1019 3173 1290 3222 audentius
1325 3173 1438 3237 ipsa.
1489 3187 1546 3222 ea
1585 3173 1647 3222 de
1683 3175 1850 3223 medio
1891 3175 2117 3223 tollenda
2154 3183 2425 3234 censeant,
2486 3176 2547 3224 de
2586 3189 2801 3238 quorum

661 3257 851 3320 origine
909 3257 1006 3321 ipsi
1065 3272 1164 3307 non
1225 3258 1451 3308 habeant
1511 3260 1648 3322 quod
1710 3259 2044 3322 probabiliter
2104 3259 2381 3325 proferant.
2455 3258 2514 3308 In
2564 3269 2803 3325 promptu

659 3349 828 3390 antem
864 3350 983 3391 sunt
1019 3342 1148 3401 duo,
1204 3343 1386 3406 quibus
1441 3345 1656 3394 medium
1713 3361 1911 3395 versum
1949 3341 2085 3394 vitiis
2122 3345 2356 3394 obrutum
2412 3359 2519 3394 esse
2560 3345 2799 3394 evincam.

658 3425 894 3490 Namque
931 3427 1066 3476 maia
1101 3427 1277 3477 fraude
1335 3429 1482 3477 scribi
1533 3437 1770 3494 coeptum
1826 3445 1938 3481 esse
1994 3431 2172 3479 cadit
2228 3431 2489 3480 declarant
2542 3438 2591 3478 et
2626 3445 2801 3480 versus

659 3514 739 3562 11.
777 3513 872 3562 20:
941 3511 1200 3562 Fecundis
1254 3514 1427 3563 eadit
1481 3522 1566 3564 aut
1596 3515 1735 3579 jugis
1774 3517 1993 3566 Idumes.
2033 3541 2097 3552 -—
2135 3515 2481 3579 Praegnantes
2520 3515 2801 3580 caryotides

657 3597 1016 3648 cadebant“
1055 3605 1106 3646 et
1141 3598 1257 3648 libri
1293 3597 1683 3663 Belidigeranns
1722 3609 1768 3650 et
1805 3601 2111 3662 ParmensiS,
2152 3615 2366 3665 quorum
2402 3601 2491 3650 ille
2528 3607 2667 3672 tenet·
2700 3599 2801 3648 ea'-

657 3683 781 3743 det,
817 3681 902 3731 hic
937 3684 1118 3737 calet.
1139 3681 1210 3752 ⁸⁸)
1283 3685 1485 3734 Deinde
1523 3687 1636 3747 quis
1678 3695 1758 3736 est
1794 3686 2050 3748 quin·hoc
2086 3686 2166 3736 vel
2198 3686 2382 3736 ‘leviter
2418 3687 2641 3736 monitus
2680 3701 2800 3758 conj·

781 3831 874 3898 ,⁸⁸)
912 3836 1014 3898 Qui
1047 3835 1228 3888 Isido
1244 3841 1306 3888 ri‘
1329 3839 1576 3903 glossam:
1634 3838 1841 3903 „Appia
1878 3839 2070 3888 aestiva
2106 3841 2341 3889 cadens
2378 3841 2691 3904 temperata“
2730 3839 2802 3888 sie

655 3899 1011 3967 corrigendam
1049 3921 1157 3956 esse
1193 3909 1345 3957 vidit:
1417 3906 1668 3968 calens,
1712 3906 1941 3970 Cangius
1980 3906 2150 3959 Gloss.
2188 3908 2230 3957 Ι.
2267 3925 2316 3972 p.
2356 3910 2455 3958 266
2515 3923 2616 3958 non
2676 3909 2803 3956 vidit

656 3974 894 4052 Appias
914 3977 1310 4056 convertendum
1347 3989 1461 4068 esse‘
1487 3975 1541 4024 in
1581 3977 1807 4054 aprica
1862 3975 2147 4056 cf,.'Gloss.·
2170 3976 2413 4039 Amplon.
2450 3977 2552 4027 300
2586 3991 2635 4040 p.
2674 3977 2798 4025 270:

655 4055 986 4159 ’ἐέὲῖἳοῖΡὰεέ
989 4044 1348 4175 θέἔὲζέυξῗῖἒ
1351 4043 1955 4177 ”3'10522Hi3231¹,'.¹’pf³¹f5⁵
1960 4060 1996 4159 5·
2032 4045 2414 4177 ffffi‘assi'aoss'
2452 4043 2799 4173 ἐὲέὺοὲζῗΐῗὲἐ

655 4169 934 4242 Πακοὺβιος
965 4174 1048 4228 his
1085 4181 1373 4244 praecepi-t:
1412 4181 1645 4242 „videtur
1679 4181 1945 4242 legendnm
1984 4181 2283 4245 Applar“
2344 4181 2409 4231 cf.
2448 4180 2604 4231 Salm.
2640 4181 2796 4236 Treb,

655 4243 792 4296 Poll.
831 4246 1014 4296 Claud.
1053 4249 1116 4297 17
1175 4261 1226 4311 pa
1263 4251 1378 4301 401.
1453 4247 1646 4300 Osann.
1688 4248 1859 4300 Gloss.
1914 4250 2028 4300 Lat.
2068 4251 2284 4314 Specim.
2344 4265 2390 4301 v,
2419 4257 2423 4262 ’
2452 4251 2639 4314 Appia.
2708 4249 2797 4306 In?

551 4357 554 4359 Α
658 4323 966 4385 compertam
1006 4331 1115 4364 eam
1155 4331 1260 4388 rem
1299 4317 1457 4366 habet
1491 4314 1983 4392 Ribbeekius-Com.
2022 4319 2136 4366 Lat.
2178 4319 2380 4382 Reliqq.
2401 4334 2447 4382 p.
2470 4317 2592 4369 XX.
2630 4317 2796 4382 Aquo
