3234 4967
1245 375 1479 429 Adnot.
1516 377 1569 428 8.
1606 377 1654 426 9.
2458 375 2533 437 17

379 580 734 648 absurdum
798 591 897 646 est
953 580 1117 646 haec
1172 579 1432 667 subjici:
1502 602 1787 663 ,‚ecce,
1846 578 2199 646 lacertis
2257 580 2537 646 Viscera

379 696 604 754 nostra
648 696 879 753 tenens
925 726 1014 736 —
1061 685 1365 752 avellitur
1410 686 1690 768 infanS‚“
1748 708 1915 775 quae
1961 685 2313 751 videantur
2356 706 2528 751 moe·

378 814 598 857 rorum
644 814 941 858 caussam
988 792 1340 874 continere,
1388 812 1520 855 non
1565 792 1745 878 ipsos
1790 812 2144 875 moerores,
2193 803 2532 857 consenta-

377 920 574 963 neum
619 899 744 964 fuit
787 898 957 965 hanc
1001 898 1285 986 proferri
1343 898 1762 963 sententiam:
1820 919 2007 986 „qua
2062 895 2257 985 culpa
2314 918 2529 984 quove

379 1027 600 1071 errore
647 1014 901 1071 tantum
946 1004 982 1070 f
987 1004 1138 1070 ulm
1155 1026 1252 1069 en
1295 1005 1506 1069 merui
1553 1004 1649 1092 (v.
1676 1002 1843 1092 20)?
1890 1024 2042 1069 ecce
2090 1000 2397 1069 avellitur
2439 1004 2531 1067 in-
2567 1073 2589 1093 .

378 1112 604 1177 fans.“
663 1111 816 1178 Jam
847 1098 1242 1178 vocabulum
1273 1110 1612 1176 lacertis
1646 1132 1840 1198 quam
1870 1109 2043 1177 exile
2077 1118 2177 1175 est
2222 1118 2291 1174 et
2336 1130 2533 1196 quam

378 1226 624 1283 temere
670 1219 844 1284 inter
891 1218 1077 1283 duas·
1101 1226 1324 1305 partes
1371 1238 1779 1302 suspensum.
1869 1214 2039 1281 Nam
2084 1215 2141 1279 si
2185 1213 2531 1280 lacertis

377 1322 424 1389 S
438 1333 466 1388 t
479 1346 518 1389 a
532 1325 636 1388 tii
681 1322 878 1389 avelli
924 1323 1236 1388 infantem
1283 1344 1430 1387 cum
1477 1321 1623 1384 aliis
1668 1329 1808 1384 tum
1841 1319 2177 1387 Gronovio
2223 1319 2531 1386 Duebne·

377 1436 582 1516 roq'ue
644 1428 886 1492 credis:
959 1449 1129 1513 quae
1187 1427 1347 1491 satis
1409 1425 1651 1490 idonea
1708 1426 1877 1490 ratio
1940 1426 2067 1491 erit
2120 1426 2353 1493 tuendi
2408 1426 2531 1491 dis-

380 1532 659 1597 solutam
727 1542 924 1619 atque
991 1533 1535 1617 incongruentem
1597 1530 1959 1597 orationem
2014 1529 2293 1595 hancce:
2366 1530 2531 1615 „la-

381 1638 627 1702 certis
696 1637 998 1703 nostris
1065 1638 1382 1702 viscera
1449 1645 1737 1703 nostra
1792 1645 2023 1703 tenens
2082 1634 2386 1703 avellitur
2440 1639 2533 1703 in·
2628 1660 2637 1667 ·

377 1743 522 1808 fans
536 1730 590 1781 “'
635 1742 860 1832 (quam
906 1742 1170 1830 quidem
1227 1751 1305 1808 et·
1347 1742 1530 1807 licuit
1586 1752 1653 1808 et
1696 1743 2027 1830 praestitit
2072 1741 2179 1808 vel
2224 1742 2312 1809 ad
2356 1742 2531 1809 hunc

376 1856 618 1914 statum
662 1848 908 1933 redigi:
971 1848 1398 1932 „Visceribus
1454 1849 1699 1913 nostris
1754 1846 2062 1915 avellitur
2079 1852 2120 1890 “
2181 1849 2263 1913 cf.
2294 1848 2525 1915 Barth.

372 1953 529 2019 Silv.
571 1953 696 2020 III.
740 1954 803 2037 5,
849 1955 936 2020 30
980 1978 1045 2042 p.
1077 1956 1230 2021 339.
1285 1952 1467 2019 Duk.
1499 1952 1681 2021 Flor.
1712 1952 1803 2019 H.
1838 1954 1901 2039 6,
1944 1954 2027 2019 41
2076 1977 2142 2042 p.
2174 1954 2373 2045 318);
2422 1956 2521 2021 sin

371 2061 575 2150 ipsius
621 2061 970 2126 infantis
1026 2060 1397 2127 lacertos
1454 2059 1789 2147 intelligis,
1850 2060 2012 2149 quid
2057 2059 2321 2126 tandem
2368 2083 2525 2149 pon·

373 2165 548 2233 deris
592 2165 792 2233 habet
839 2190 920 2232 ea
962 2169 1206 2233 mentio
1259 2165 1384 2233 hac
1427 2190 1560 2233 una
1606 2167 2084 2254 significatione
2128 2165 2348 2233 illata:
2410 2166 2525 2233 la-

373 2274 630 2337 certis
691 2274 949 2340 viscera
1014 2284 1241 2341 nostra
1308 2284 1643 2358 tenenS‚
1714 2295 1799 2339 ne
1865 2272 2189 2361 ejusmodi
2257 2272 2521 2361 quidem

369 2377 691 2444 vocabulo
781 2379 1036 2464 addito,
1135 2379 1327 2469 quale
1414 2378 1695 2467 legimus
1783 2377 1959 2467 apud
2044 2377 2522 2465 Hieronymum

371 2484 586 2573 Epist.
634 2486 707 2555 1:
777 2507 1004 2569 „nunc
1073 2486 1194 2552 tibi
1261 2484 1594 2552 blandis
1662 2484 1893 2552 haeret
1959 2482 2350 2551 lacertis“
2411 2495 2524 2550 aut

374 2590 550 2677 apud
605 2588 835 2657 Silium
887 2590 1012 2655 IX.
1064 2591 1220 2656 144:
1292 2593 1623 2678 „rigentis
1691 2590 1958 2656 Invadit
2024 2591 2163 2655 nati
2230 2598 2524 2655 treme-

373 2693 533 2758 bun
549 2694 673 2759 dis
715 2694 882 2760 colla
919 2694 1374 2762 lacertis?“
1447 2697 1599 2763 Non
1636 2698 1960 2761 immerito
1992 2697 2197 2783 igitur
2225 2697 2523 2785 increpu-

378 2808 571 2864 erunt
612 2799 927 2865 Barthius
969 2800 1146 2867 Adv.
1191 2801 1234 2867 l.
1281 2802 1344 2867 d.
1391 2826 1456 2890 p.
1504 2802 1663 2867 728:
1734 2802 2002 2886 „barda
2064 2803 2294 2888 lectio;
2369 2828 2523 2891 quo-

370 2904 569 2971 modo
628 2907 801 2972 enim
858 2905 1225 2974 lacertis?“
1297 2916 1364 2972 et
1417 2907 1729 2974 Heinsius
1786 2906 1962 2973 Adv.
2001 2908 2124 2974 IV.
2165 2908 2209 2973 4
2248 2932 2313 2996 p.
2354 2909 2519 2973 594:

367 3011 586 3101 „quid
647 3022 749 3077 est
793 3010 1138 3079 lacertis
1186 3014 1512 3079 viscera
1578 3013 1982 3079 tenere?“
2073 3013 2269 3096 Quid,
2342 3014 2520 3102 quod

369 3117 522 3185 olim
565 3118 894 3185 nonnullis
942 3120 1109 3185 adeo
1154 3118 1358 3184 futilis
1405 3128 1472 3185 et
1516 3118 1682 3184 levis
1727 3120 1855 3183 ista
1907 3118 2305 3184 lacertorum
2350 3140 2519 3185 com-

366 3227 750 3292 memoratio
795 3227 940 3293 visa
985 3234 1103 3309 est,
1150 3234 1224 3290 ut
1269 3234 1385 3291 aut
1430 3224 1833 3290 anteferrent
1878 3222 2221 3291 lacessis
2268 3234 2399 3309 aut,
2448 3226 2517 3291 id

371 3331 544 3417 quod
609 3334 680 3397 in
745 3332 1211 3419 Rehdigerano
1282 3331 1526 3398 factum
1595 3338 1719 3413 est,
1787 3352 2069 3396 vacuum
2144 3326 2515 3419 relinquere

370 3436 650 3521 spatium
678 3438 965 3523 mallent,
1016 3461 1212 3527 quam
1243 3458 1500 3503 sumere
1533 3436 1917 3502 alterutrum
1935 3435 1968 3500 ‘t‘
2040 3437 2217 3518 Quid
2262 3436 2513 3502 multa?

365 3539 794 3628 probabiliter
848 3568 970 3610 nos
1025 3544 1472 3631 argumentari
1515 3534 1761 3608 indicio
1810 3553 1961 3632 sunt
2005 3542 2181 3609 librii
2227 3542 2295 3632 ii,
2352 3566 2513 3631 quos

369 3644 529 3711 dicit
556 3646 887 3713 Domitius
917 3673 983 3737 p.
1013 3648 1165 3716 575.
1196 3649 1280 3715 A.
1315 3648 1428 3740 (cf.
1458 3648 1693 3715 Imhof.
1730 3648 1811 3713 de
1844 3647 2004 3715 Silv.
2036 3648 2203 3715 Stat.
2236 3648 2511 3715 Condic.

369 3749 533 3816 crit.
574 3775 640 3840 p.
688 3753 786 3843 8),
849 3765 916 3821 et
977 3756 1174 3824 editio
1222 3758 1615 3840 Parmensis,
1673 3758 1743 3821 in
1803 3755 2037 3843 quibus
2093 3755 2339 3841 leg-itur
2380 3780 2513 3822 non

367 3860 915 3946 moeroribus,
977 3863 1093 3928 sed
1148 3862 1703 3929 morientibus.
1793 3860 1987 3927 Unde
2047 3883 2180 3926 non
2227 3860 2511 3928 difficilis

365 3966 506 4030 veri
553 3967 836 4055 suspicio
883 3976 1011 4035 est:

1113 4075 1641 4128 marcentibus
1696 4088 1823 4127 ecce
1877 4072 2088 4127 lacertis

773 4157 986 4213 Viscera
1027 4167 1206 4213 nostra
1245 4167 1450 4213 tenens.

358 4257 458 4324 Ac
522 4283 607 4326 ne
679 4262 833 4350 quid
903 4261 1327 4328 dubitationis
1401 4260 1730 4349 relinquat
1803 4271 2031 4328 nostra
2104 4264 2504 4351 conjectura,

271 4436 278 4441 ,
359 4377 774 4455 comparetur
817 4377 1084 4455 praeter
1128 4366 1455 4433 Tibullum
1500 4367 1554 4432 Ι.
1608 4368 1667 4450 1,
1716 4367 1803 4431 60
1849 4376 1914 4431 et
1961 4366 2159 4435 Ovid.
2191 4366 2342 4433 Am.
2375 4367 2504 4432 ΠΙ.

497 4474 627 4526 Stat.
662 4473 845 4543 Eclog.
1187 4490 1208 4505 ·
1998 4498 2029 4549 2
2349 4478 2357 4485 ‘
