3234 4967
1279 377 1566 440 Conjeet.
1602 376 1755 426 XIII.
1881 393 1890 406 ·
2489 375 2589 422 213

452 552 644 602 Martia
681 551 872 614 templa
908 547 1505 599 Intemeranda-Val.
1533 547 1705 596 Flaee.
1728 546 1789 598 V.
1818 547 1917 595 642
1957 553 2007 594 et
2030 559 2159 595 saxa
2192 546 2591 594 intemerata

457 637 552 686 Sil.
605 633 703 686 111.
751 637 852 686 499
904 651 964 683 ae
1016 634 1160 696 signa
1194 649 1396 698 *vapore
1445 631 1614 681 serino
1664 632 2055 681 Intemerata
2104 629 2248 680 Grat.
2298 626 2427 692 Cyn.
2465 625 2587 692 223)

465 722 687 784 specula.
725 722 796 768 ad
837 728 1150 769 temerata
1187 718 1268 778 (ut
1305 716 1400 769 IV.
1439 719 1567 766 609:
1603 717 1773 764 odium
1810 715 2021 778 spirans.
2061 715 2276 776 Frising.
2325 713 2594 777 aspirans.

456 807 599 856 Serv.
622 807 756 854 Aen,
777 805 870 851 Vl.
893 805 990 854 565
1017 803 1204 852 fertur:
1243 817 1305 850 as
1322 803 1519 850 seritur
1555 801 1619 850 ef.
1643 799 1871 861 Conjeet.
1898 799 2019 848 XII.
2043 815 2093 862 p.
2114 798 2234 860 203)
2262 799 2341 847 vel
2356 798 2545 862 specul
2562 813 2593 845 a

458 897 564 938 aut
601 895 890 947 temerata,
925 889 1092 936 haud
1134 895 1403 946 temerata3
1440 902 1556 934 nam
1599 887 1711 946 „ad
1747 899 1847 932 non
1884 900 1999 932 raro
2036 898 2127 947 pro
2165 891 2273 930 aut
2307 883 2391 931 vel
2426 883 2590 931 haud

455 976 508 1022 in
547 972 886 1022 vetustissimo
923 973 1098 1020 codice
1135 971 1392 1020 vossiano
1428 969 1610 1018 seribi“
1652 976 1864 1018 testatus
1902 976 1975 1016 est
2010 967 2251 1016 Heinsius
2276 965 2423 1020 ovid.
2448 967 2592 1016 Fast.

457 1059 554 1110 111.
593 1059 690 1106 238
729 1074 774 1121 p.
820 1058 932 1105 171.
1004 1055 1165 1104 Drak.
1203 1056 1316 1104 Liv.
1354 1056 1534 1118 vhe,
1572 1057 1604 1105 2
1640 1070 1688 1118 p.
1719 1055 1799 1113 54,
1838 1058 2165 1100 temerante
2203 1059 2253 1100 et
2289 1058 2593 1101 temerata

457 1151 639 1202 autem,
677 1142 1011 1191 stimulante
1047 1151 1098 1190 et
1133 1141 1429 1190 stimulata
1465 1139 1750 1202 similiaque
1790 1137 2113 1200 „incredibile
2151 1143 2227 1184 est
2263 1150 2413 1197 quam
2438 1149 2593 1198 saepe

457 1229 509 1276 in
546 1227 688 1277 libris
726 1234 842 1276 vett.
881 1224 1222 1274 misceantur“
1265 1223 1408 1282 Cort.
1433 1225 1627 1276 Lucan.
1656 1223 1807 1276 VIII.
1845 1224 1945 1273 413
1982 1237 2031 1285 p.
2070 1222 2200 1290 334..
2257 1221 2329 1270 Ut
2362 1221 2416 1268 in
2452 1220 2591 1270 hune

458 1312 660 1360 modum
696 1311 786 1361 ille
821 1312 972 1360 loeus
1010 1311 1239 1361 videatur
1275 1310 1584 1372 digerendus
1622 1305 1711 1370 (ef.
1750 1307 1983 1370 Conjeet.
2005 1307 2129 1354 VII.
2164 1321 2230 1356 ae
2258 1304 2440 1354 XVII.
2477 1305 2593 1357 add.

457 1396 554 1444 XI.
592 1397 682 1446 85:
719 1396 936 1444 Vidistis
974 1421 1038 1431 -
1077 1394 1274 1459 Stygiis.
1305 1403 1442 1444 certe
1478 1392 1855 1444 manifestus
1889 1392 1943 1440 iu
1978 1392 2167 1452 umbris
2206 1417 2269 1429 —-
2308 1391 2593 1440 madentem

458 1479 564 1529 Ora
599 1481 818 1528 ducem
856 1478 1026 1545 tabo)=
1369 1535 1372 1538 ,

1137 1581 1235 1616 nee
1273 1569 1410 1630 quod
1445 1567 1552 1628 tibi,
1590 1567 1763 1626 Delia5
1803 1573 1971 1616 castos

665 1652 969 1715 Prolapsum
1005 1652 1071 1709 ad
1105 1651 1278 1702 fontes
1317 1649 1545 1716 (specula
1581 1652 1745 1701 haud
1784 1651 2117 1699 temeranda
2152 1649 2389 1714 profana)

611 1779 614 1784 .
668 1736 786 1786 Heu
823 1737 1080 1786 dominum
1117 1737 1283 1786 insani
1321 1750 1434 1788 non-
1464 1725 1722 1798 agnovere
1758 1735 1991 1788 Molossi.

457 1821 561 1870 Ubi
607 1821 818 1884 specula
864 1819 1140 1884 profana
1176 1817 1312 1868 haud
1353 1821 1727 1871 temeranda
1774 1821 1871 1868 dea
1912 1819 1988 1868 sie
2029 1815 2229 1878 dieitur,
2266 1825 2323 1868 ut
2362 1833 2395 1866 a
2438 1817 2597 1866 Clau-

463 1907 616 1954 diano
655 1906 881 1956 membra
914 1906 1098 1954 vestitu
1143 1920 1417 1971 numquam
1463 1911 1785 1954 temerata
1829 1889 2133 1968 profano,
2188 1903 2357 1952 sedem
2397 1901 2597 1962 Quirini

458 1991 730 2039 Barbaries‘
764 1990 972 2040 oeulis
1007 1990 1185 2038 saltem
1225 1998 1533 2040 temerare
1571 1988 1868 2052 profanis
1905 1989 1965 2037 iis
1986 1989 2125 2047 loeis,
2164 2003 2291 2050 quos
2313 1987 2599 2050 composuit

459 2075 700 2124 Heinsius
734 2073 827 2125 IV.
869 2073 1024 2124 Cous,
1063 2074 1196 2125 Hon.
1239 2075 1336 2125 126
1373 2090 1421 2138 p.
1465 2077 1586 2136 1373
1625 2074 1741 2124 tib‘i
1778 2083 1965 2134 autem,
2004 2074 2140 2137 quod
2178 2073 2251 2121 ait
2285 2071 2595 2126 Duebnerus
2639 2101 2658 2117 .

459 2175 508 2220 p.
547 2159 648 2208 304
683 2158 906 2214 maxim-e
944 2157 1226 2208 Statianum
1265 2171 1394 2219 esse,
1432 2161 1506 2208 sic
1542 2160 1763 2223 positum
1800 2167 1896 2217 est,
1930 2165 1988 2208 ut
2022 2159 2076 2206 in
2110 2158 2171 2206 iis
2210 2157 2353 2219 loeis,
2392 2171 2521 2220 quos
2546 2156 2599 2203 in

459 2243 810 2306 disceptandis
844 2241 1094 2305 Propertii
1131 2244 1360 2292 versibus
1397 2243 1495 2293 111.
1536 2245 1582 2307 7,
1609 2244 1675 2294 37
1714 2243 2041 2306 expromendi
2078 2241 2233 2306 eopia
2266 2240 2362 2290 erit
2385 2239 2597 2292 Emend.

405 2339 410 2349 ⁴
460 2327 616 2390 Prop.
653 2326 695 2376 Ι.
731 2327 782 2375 4.

525 2457 530 2462 .
595 2411 868 2461 Bostremo
895 2413 1104 2463 strictim
1128 2414 1380 2476 attingam
1417 2414 1619 2463 Plinii
1656 2403 1815 2462 verba
1847 2412 1913 2462 N.
1934 2413 1997 2466 Η.
2024 2411 2285 2462 XXXIII.
2307 2411 2545 2462 Prooem.
2568 2414 2597 2459 2

459 2499 604 2561 p.61,
619 2511 750 2558 quae
772 2498 858 2560 qui
877 2497 952 2546 sie
972 2497 1242 2550 exhibuitz,
1269 2497 1410 2558 „Neo
1427 2497 1525 2546 hoc
1544 2497 1644 2547 fuit
1656 2500 1778 2548 satis
1798 2524 1861 2534 —
1884 2499 2164 2559 smaragdis
2182 2499 2402 2546 teximus
2416 2497 2598 2546 calice-s

461 2597 520 2630 ae
557 2581 886 2633 temulentiae
923 2597 1078 2630 causa
1114 2592 1337 2640 tenere
1373 2583 1572 2633 Indiam
1594 2580 1769 2644 ,ᾗιινειια
1812 2581 2037 2646 Silligius
2057 2583 2193 2632 haud
2212 2597 2333 2632 sane
2352 2581 2602 2630 intellexit

461 2667 562 2719 hoe
599 2663 826 2727 graviter
851 2666 977 2715 diei:
1008 2666 1191 2728 juvat
1219 2667 1326 2729 jam
1359 2649 1677 2716 temerare
1713 2667 1913 2718 Indiam
1942 2669 2045 2716 sive
2072 2667 2197 2717 libet
2222 2667 2384 2716 Statio
2412 2663 2599 2716 Achill.

462 2751 507 2801 Ι.
545 2752 610 2800 64
645 2751 718 2798 uti
741 2751 1038 2814 interprete:
1075 2759 1378 2814 repostae
1415 2752 1611 2802 telluris
1643 2752 1789 2814 jura.
1824 2767 2142 2816 rumpere,
2180 2760 2235 2800 ut
2258 2753 2392 2816 apud
2420 2750 2597 2800 Silium

469 2845 548 2884 est
581 2836 681 2886 111.
717 2837 845 2884 499:
899 2836 1300 2887 Intemerata
1343 2838 1506 2900 gradu
1545 2853 1732 2900 magna.
1766 2838 1819 2885 vi
1855 2853 2013 2886 saxa
2050 2837 2369 2886 domantem“
2424 2833 2597 2900 (quem

471 2929 592 2984 apt-e
627 2921 843 2976 ¹eontulit
877 2919 1116 2968 Heinsius
1142 2921 1275 2970 Λᾶν.
1313 2921 1382 2972 II.
1412 2923 1474 2970 16
1511 2937 1561 2985 p.
1587 2922 1712 2984 341)
1750 2931 1799 2972 et
1833 2922 1955 2972 XV.
1996 2924 2115 2974 532:
2156 2922 2598 2984 temeratisque

461 3004 740 3068 Alpibus
787 3005 974 3052 ardens
1021 3003 1082 3052 In
1121 3013 1318 3054 nestros
1355 3007 1621 3056 deseendit
1654 3007 1838 3069 agros“
1884 3017 1937 3056 et
1971 3003 2139 3071 ipsum
2176 3005 2393 3056 Statium
2432 3005 2597 3055 Theb.

461 3089 558 3138 ΙΙΙ.
610 3090 740 3139 463:
810 3088 1050 3159 ferebant
1103 3089 1342 3139 Nubila
1395 3107 1639 3156 suspenso
1704 3093 1917 3142 celerem
1974 3099 2328 3144 temerasse
2380 3090 2592 3140 volatu“

459 3170 659 3234 (Barth.
697 3189 744 3236 p.
784 3175 897 3224 799.
937 3173 1162 3230 Broukh,
1199 3175 1353 3238 Prop.
1391 3175 1460 3226 11.
1491 3179 1568 3236 15,
1595 3180 1657 3226 21
1696 3194 1745 3241 p.
1773 3181 1893 3240 177)
1933 3179 2283 3241 Senot-amque
2305 3177 2448 3226 Med.
2475 3176 2597 3231 6142

459 3258 640 3306 Exitu.
662 3259 772 3307 diro
811 3267 1124 3308 temerata
1159 3261 1347 3323 ponti
1383 3261 1539 3310 ‚Iura
1575 3263 1765 3325 piavit“
1804 3263 2088 3324 simili-aque
2126 3263 2261 3325 apud
2288 3261 2429 3321 alios,
2466 3275 2596 3324 quos

461 3343 741 3390 nominavit
776 3342 1102 3402 Burmannus
1142 3345 1257 3394 Val.
1295 3345 1466 3396 Flaco.
1505 3345 1545 3397 1.
1585 3349 1684 3398 627
1722 3364 1769 3410 p.
1799 3349 1911 3400 113.
1982 3346 2219 3396 Pintiauo
2257 3354 2419 3394 autem
2458 3345 2597 3408 quod

433 3427 512 3474 ’in
567 3426 710 3474 libris
764 3427 1050 3488 vossium,
1105 3429 1466 3490 Rioeardiano,
1520 3432 1774 3483 Toletano
1829 3433 2111 3482 invenitur:
2184 3439 2445 3489 temere,
2500 3431 2598 3479 hoe

460 3513 836 3574 supplemento:
876 3523 1160 3562 temerare
1199 3516 1412 3578 explere
1449 3525 1551 3566 tam
1589 3525 1641 3564 et
1674 3517 1825 3566 facile
1864 3529 1918 3566 et
1941 3524 2102 3566 tutum
2122 3517 2233 3576 fuit,
2270 3533 2422 3581 quam
2450 3517 2595 3565 nobis

461 3598 598 3659 quod
637 3598 772 3660 apud
810 3597 1134 3646 Ammianum
1174 3598 1502 3648 Colbertiuus
1539 3601 1695 3649 habet
1732 3617 1795 3652 re
1812 3611 1971 3662 tere,
2008 3604 2107 3652 hoe
2144 3605 2295 3652 modo
2330 3615 2595 3666 reparare:

461 3690 746 3740 retraere,
794 3689 962 3730 retra
977 3682 1096 3733 here
1135 3684 1231 3735 vid.
1273 3684 1506 3746 Gonject.
1547 3685 1642 3736 IV.
1681 3687 1904 3754 Reliqua
1941 3687 2169 3749 ejusdem
2215 3687 2321 3735 vitii
2360 3686 2600 3750 exempla

463 3763 730 3816 afferemus
767 3766 981 3816 Emend.
1021 3769 1174 3832 l’rop.
1202 3769 1353 3819 VIII.
1389 3771 1449 3831 43
1481 3775 1620 3818 ‘nune
1656 3772 2008 3824 revertendum
2046 3778 2127 3820 est
2162 3771 2227 3819 ad
2263 3770 2593 3836 Tirynthii

463 3863 650 3900 nomen
687 3857 736 3898 et
771 3852 834 3900 de
873 3865 932 3900 eo
969 3851 1179 3902 Ovidii
1219 3853 1351 3914 loe-o,
1391 3869 1541 3917 quem.
1576 3870 1731 3920 supra
1758 3848 2232 3920 significavisirero
2267 3857 2597 3919 pronuntian-

461 3935 576 3986 dum
609 3935 820 3998 judicio,
890 3935 1048 3988 Falso
1085 3938 1216 4000 enim
1252 3939 1304 3988 in
1342 3939 1495 3998 Trist.
1533 3941 1627 3988 IV.
1669 3943 1713 4000 1,
1771 3943 1832 3990 21
1890 3941 2236 4004 praevaluisse
2289 3941 2597 3990 mentionem

458 4023 722 4070 itineris
761 4032 809 4070 et
853 4022 1272 4072 Thraeiorum
1310 4024 1524 4072 telorum
1552 4019 1750 4086 (Heius.
1772 4024 2017 4088 Merkel.)
2056 4033 2209 4088 atque
2243 4027 2364 4075 iter
2400 4034 2451 4076 et
2487 4028 2597 4076 mi-

459 4107 602 4155 litis
640 4121 858 4156 ensem.
890 4107 1118 4170 (Burm.)
1155 4123 1261 4157 uon
1298 4116 1372 4158 est
1395 4111 1534 4172 quod
1559 4110 1791 4174 pluribus
1812 4109 2171 4161 demonstrem.
2246 4111 2451 4172 Quanto
2478 4128 2597 4162 eon-

459 4189 638 4240 sultius
674 4191 844 4240 fuerat
881 4188 1124 4254 reliquias
1161 4196 1284 4242 mire
1306 4195 1554 4244 diversas:
1591 4196 1903 4257 interque
1940 4197 2181 4246 treicia.
2220 4196 2599 4262 (hrahieia)‚

456 4269 628 4326 intr‘a
663 4290 779 4324 neo
816 4277 1074 4338 treicia,
1113 4277 1398 4339 thracia,
1436 4281 1735 4342 interque
1772 4281 2041 4344 nentia,
2077 4277 2600 4348 intertyrinthia

460 4362 532 4412 sie
569 4363 831 4424 colligere,
870 4371 924 4410 ut
958 4363 1010 4412 in
1051 4365 1260 4416 eandem
1301 4367 1602 4416 sententiam
1640 4377 1793 4428 atque
1829 4367 1893 4414 ab
1922 4367 2142 4432 Virgilio
2178 4367 2313 4418 Aen.
2340 4367 2434 4417 VI.
2472 4368 2597 4418 400:
