3234 4967
626 316 745 381 136
1512 314 1735 369 Adnot.
1771 314 1854 367 82.

625 524 937 611 „Crebro
986 532 1465 590 commutantur
1512 522 1638 589 hae
1685 544 1884 589 voces
1929 546 1970 587 a
2013 521 2315 589 librariis.
2407 522 2514 587 Ita
2561 519 2768 587 Theb.

623 634 712 698 X.
762 632 895 697 440
951 653 1074 719 pro
1120 652 1551 719 supremaque
1611 652 2016 695 murmura
2069 628 2342 695 volvens
2395 628 2610 695 codex
2653 628 2769 693 Pe·
2836 685 2840 687 ,

622 740 860 805 trensis
928 736 1129 802 habet
1204 736 1559 803 vulnera.
1697 737 1791 803 Et
1829 736 2017 824 talibi
2085 736 2328 825 passim
2397 736 2710 801 invenies.
2726 738 2769 773 “

624 846 757 930 Qui
815 844 991 910 idem
1039 864 1274 909 vocum
1321 843 1666 910 vulnera
1711 852 1778 909 et
1821 865 2152 909 munera
2194 850 2583 931 perpetuam
2628 864 2770 930 per-

620 950 1071 1016 mutationem.
1104 956 1507 1015 contestatus
1564 958 1667 1015 est
1721 948 1882 1015 Silv.
1946 949 2030 1014 V.
2092 950 2155 1032 3,
2216 947 2304 1013 45
2362 973 2427 1037 Ρ.
2487 949 2617 1015 376
2672 971 2765 1036 sq.

620 1056 923 1123 laudatus
984 1078 1025 1120 a
1080 1054 1539 1144 Peerlkampio
1600 1054 1760 1121 Hor.
1828 1054 2045 1121 Cam.
2103 1054 2194 1119 II.
2256 1055 2288 1119 1
2351 1078 2413 1142 p.
2469 1054 2618 1119 161.
2667 1054 2765 1120 Cf.

624 1161 968 1231 Claudian.
999 1161 1175 1227 Rus.
1236 1161 1309 1225 ΙΙ.
1358 1162 1522 1227 396:
1583 1161 1932 1227 damnatur
1986 1182 2226 1227 arenae
2273 1160 2764 1227 Muneribus,

620 1270 804 1335 Vatt.
874 1268 1074 1332 Farn.
1146 1266 1230 1333 al.
1307 1266 1814 1334 vulneribus.
1895 1264 2208 1354 Calpurn.
2277 1264 2423 1331 Ecl.
2468 1266 2627 1332 'III.
2703 1267 2771 1330 9.

623 1373 903 1458 9311111311.-
924 1373 1109 1441 Decl.
1157 1374 1268 1439 lV.
1317 1375 1357 1439 8
1403 1398 1465 1463 Ρ.
1522 1361 2032 1439 1962'0rbitatis
2076 1372 2384 1440 vulnus.
2431 1372 2619 1439 Leid.
2668 1395 2767 1459 pr.

618 1502 923 1547 munus.
1001 1479 1461 1546 Martial..Vu.
1506 1479 1613 1563 88,
1665 1482 1735 1545 9:
1781 1478 2064 1546 blandae
2101 1502 2436 1546 munere
2481 1479 2764 1566 linguae.

618 1588 1020 1653 Rom..Ven.
1068 1608 1493 1651 murmure.
1585 1584 1762 1651 Add.
1809 1586 2008 1673 Prop.
2055 1587 2103 1652 1.
2158 1586 2259 1670 17,
2309 1587 2380 1651 2:
2439 1587 2767 1651 funere.

619 1695 812 1760 Voss.
860 1714 1263 1759 murmure
1312 1692 1389 1756 cf.
1442 1691 1660 1757 adnot.
1711 1714 1775 1756 v.
1823 1692 1934 1756 46.

640 1852 647 1859 .
710 1824 717 1829 ·
796 1801 1123 1889 Sequitur,
1172 1807 1245 1863 ut
1297 1796 1552 1865 dicatur
1598 1797 1682 1863 de
1724 1797 1927 1863 verbo
1973 1797 2382 1866 resolvam.
2481 1798 2680 1881 Quod
2727 1786 2767 1864 ἑ.

618 1906 893 1972 Barthio
938 1907 1183 1971 frustra
1230 1904 1567 1971 defensum
1613 1926 1738 1969 nec
1775 1913 2076 1992 spretum
2121 1905 2206 1971 ab
2251 1904 2524 1971 Imhofio
2555 1929 2618 1993 Ρ.
2659 1908 2768 1987 32,

620 2036 815 2101 quem
850 2036 952 2077 ›ne
1000 2013 1183 2078 vocis
1229 2010 1573 2078 vulnera
1634 2010 1900 2100 quidem
1943 2012 2289 2099 poenituit,
2345 2011 2770 2100 multiplicem

622 2118 1035 2208 conjectandi
1103 2120 1359 2207 copiam
1428 2118 1614 2185 dedit
1679 2118 1974 2184 Heinsio.
2083 2118 2358 2205 Opinor,
2429 2118 2643 2207 inquit
2703 2141 2769 2206 p.

620 2225 773 2309 595,
836 2235 1291 2315 questuque
1345 2226 1417 2291 in
1467 2247 1804 2291 murmura
1849 2247 2052 2291 caeca
2097 2224 2462 2291 solutum.
2553 2224 2772 2290 Possis

620 2341 687 2398 et
734 2341 1218 2421 suetumque
1264 2334 1351 2397 in
1396 2336 1730 2398 murmura
1767 2353 1969 2399 caeca
2011 2331 2302 2398 resolvi
2345 2330 2454 2399 vel
2485 2340 2772 2420 questus-

619 2460 747 2527 que
794 2449 863 2504 et
906 2462 1240 2505 murmura
1284 2459 1487 2505 caeca
1532 2438 1962 2503 cientem.“
2055 2436 2357 2521 Quohic
2401 2447 2580 2503 certe
2627 2460 2785 2525 pro--

617 2544 1004 2611 habiliorem
1050 2546 1226 2611 viam
1281 2546 1615 2631 ingressus
1662 2545 1818 2633 quid
1863 2567 2095 2613 verum
2145 2553 2340 2630 esset,
2401 2545 2568 2612 vidit
2616 2544 2771 2611 Mar-

616 2649 901 2717 klandus
968 2676 1031 2738 Ρ.
1104 2652 1263 2717 411:
1345 2702 1385 2736 „
1399 2650 1630 2735 facilis,
1711 2653 1942 2739 inquit,
2002 2650 2374 2717 emendatio
2455 2660 2770 2740 percepto

618 2779 841 2825 sensu:
920 2758 1023 2823 eui
1092 2758 1296 2825 verba
1372 2780 1696 2847 sonosque
1765 2758 2151 2841 Monstravi,
2231 2767 2627 2847 questusque
2704 2769 2772 2823 et

616 2874 955 2929 murmura
1014 2886 1213 2929 caeca
1257 2864 1658 2930 resolvens.
1677 2868 1718 2901 “
1769 2862 2122 2931 similiter
2169 2864 2344 2929 enim
2390 2864 2569 2952 apud
2615 2863 2769 2931 Ovi-

618 2972 797 3037 dium
841 2970 999 3037 Met.
1032 2970 1214 3037 XIV.
1246 2970 1411 3037 473:
1460 2970 1648 3037 Neve
1678 2992 1897 3037 morer
1940 2972 2328 3036 referens“
2373 2972 2512 3036 fere
2547 2992 2770 3037 omnes

617 3078 819 3144 libros
882 3076 1199 3165 praebere
1256 3077 1571 3143 referam
1617 3076 2034 3143 Burmannus
2086 3084 2367 3143 testatur
2412 3101 2477 3164 p.
2525 3076 2656 3142 972
2703 3086 2772 3142 et

616 3184 967 3250 insaniem
1015 3205 1134 3269 pro
1181 3183 1557 3247 insaniens
1600 3193 1784 3248 tenet
1827 3184 2071 3269 Regius
2121 3182 2260 3249 Cic.
2306 3183 2498 3249 Tusc.
2539 3182 2648 3248 lV.
2683 3182 2770 3249 52

619 3289 698 3355 cf.
748 3288 1056 3375 Seyffert.
1103 3288 1209 3352 111.
1260 3287 1362 3371 15,
1388 3290 1510 3355 -33
1558 3311 1624 3376 p.
1673 3288 1763 3353 60
1817 3297 1886 3355 et
1941 3310 2107 3377 quae
2171 3311 2372 3377 supra
2431 3312 2494 3356 v.
2555 3288 2640 3355 58
2703 3298 2772 3353 et

616 3397 701 3462 47
754 3396 1058 3462 diximus.

794 3502 1133 3568 Hactenus
1163 3500 1720 3567 veri-inveniendi
1759 3510 1872 3567 aut
1919 3501 2296 3569 stabiliendi
2343 3501 2505 3569 alios
2551 3501 2773 3568 habui-

618 3631 763 3673 mus
825 3608 1188 3696 adjutores:
1245 3608 1501 3697 reliqua
1552 3632 1730 3695 pars
1773 3631 1816 3675 a
1873 3608 2084 3675 doctis
2146 3610 2385 3675 omissa
2443 3608 2776 3698 explenda

619 3725 719 3781 est
788 3714 981 3782 nullis
1052 3713 1481 3798 adminiculis,
1550 3702 1692 3799 se'd,
1764 3723 1837 3781 ut
1910 3714 2168 3799 dicitur,
2239 3715 2453 3782 Mar-te
2521 3724 2772 3783 nostro.

616 3823 917 3910 Namque
982 3821 1109 3887 hoc
1179 3820 1263 3887 ab
1332 3821 1548 3887 animo
1619 3842 1764 3886 meo
1827 3843 1958 3888 non
2018 3822 2205 3909 potui
2257 3822 2632 3909 impetrare,
2701 3830 2774 3887 ut

618 3928 955 4010 crederem
1010 3928 1391 3995 sententias.
1428 3951 1471 3993 a
1514 3928 1727 3995 Statio
1791 3927 1916 3995 hoc
1973 3928 2176 3993 fuisse
2234 3927 2430 3994 modo
2483 3928 2656 3994 inter
2701 3950 2772 3993 se

620 4043 826 4123 aptas·
862 4042 1056 4121 atque
1114 4033 1490 4121 colligatas:
1553 4036 1687 4123 qui
1731 4072 1820 4085 -—
1863 4033 2186 4123 implicuit
2217 4032 2520 4123 'fixitque
2579 4033 2770 4101 mihi:

619 4142 725 4207 cui
780 4140 987 4206 verba
1056 4162 1375 4227 sonosque
1450 4141 1895 4207 Monstravi
1961 4150 2230 4229 questus
2293 4174 2375 4187 --
2435 4139 2772 4207 resolvens

617 4249 1189 4335 Reptantemque
1248 4284 1335 4295 --
1392 4247 1622 4313 Erexi.
1641 4250 1682 4288 “
1773 4248 1988 4333 Quam
2045 4248 2408 4314 orationem
2454 4249 2565 4337 qui
2618 4247 2772 4313 tole-

618 4353 892 4420 rabilem
957 4352 1149 4418 duxit
1204 4352 1332 4418 hac
1386 4353 1804 4421 distinetione
1848 4377 2038 4423 usus:
2097 4354 2508 4440 resolvens3
2565 4354 2772 4441 Rep-
