3234 4967
614 328 699 394 74
1523 332 1755 386 Adnot.
1794 333 1875 384 46.

611 536 758 603 leto
828 536 1102 604 obviae.
1203 538 1404 628 Hipp.
1473 541 1602 606 997
1672 539 1877 608 flebili
1942 542 2100 608 leto
2171 541 2491 608 occubat.
2588 543 2759 606 1080

609 653 821 710 torvo
892 643 1168 710 obvius.
1260 643 1406 710 Oet.
1455 647 1623 712 2673
1668 656 2023 735 perpetuo
2087 646 2347 714 obruit.
2410 647 2756 714 Claudiam

614 752 696 818 R.
741 751 818 818 P.
863 750 958 816 111.
1009 751 1124 817 823
1173 751 1554 818 tenebroso
1602 754 1893 821 obtecta.
1954 753 2181 822 Sidon.
2222 752 2509 842 Apoliin.
2542 754 2757 820 XXfl.

610 858 696 923 94
753 866 919 924 nato
978 858 1238 924 occiso.
1306 858 1434 948 Ep.
1504 857 1661 925 Vlll.
1731 861 1793 926 9.
1863 883 1929 949 p.
2000 860 2131 926 515
2184 870 2392 928 tonso
2462 862 2757 948 occipiti.

617 963 781 1030 Hor.
849 963 1064 1052 Epist.
1145 966 1194 1029 l.
1267 965 1383 1048 14,
1467 965 1582 1032 383
1652 966 1831 1034 odio
1902 967 2227 1034 obscuro.
2306 967 2472 1034 Sat.
2551 966 2758 1034 Theb.

611 1073 696 1138 V.
769 1073 898 1139 308
977 1072 1306 1163 (Conjeet.
1354 1074 1552 1164 Xlll):
1634 1097 1777 1140 uno
1854 1098 2105 1142 omnes.
2184 1075 2298 1142 lx.
2374 1075 2499 1140 591
2580 1074 2759 1150 ade-o

613 1180 873 1266 omnia.
942 1179 1096 1245 XII.
1173 1179 1304 1246 355
1381 1181 1574 1247 statio
1652 1181 2017 1265 horrida,
2096 1181 2271 1266 aliie,
2350 1203 2519 1270 quase
2568 1180 2761 1246 desti-

615 1285 917 1351 navimus
995 1284 1324 1352 Emendd.
1401 1287 1602 1377 Prop.
1679 1288 1881 1376 capiti
1966 1288 2087 1353 VI.
2169 1292 2227 1352 1.
2320 1288 2468 1371 Quo
2538 1287 2757 1375 posito

614 1389 1044 1458 fundamento
1089 1414 1172 1457 ea
1213 1393 1596 1464 recordatus
1611 1445 1631 1478 ‚
1694 1417 1863 1483 quae
1923 1393 2235 1460 Barthius
2282 1392 2365 1458 de
2410 1394 2479 1458 vi
2526 1401 2593 1458 et
2636 1413 2758 1458 usu

623 1497 810 1562 verbi
840 1498 1247 1566 noso-endi
1279 1499 1588 1568 disseruit
1617 1500 1781 1568 Silv.
1810 1502 1861 1565 Ι.
1892 1503 1956 1584 2,
1995 1501 2076 1566 16
2108 1524 2175 1588 p.
2205 1499 2293 1564 46
2326 1520 2420 1587 sq.
2452 1509 2521 1564 et
2552 1498 2756 1566 Theb.

614 1604 696 1668 V.
758 1604 890 1669 620
941 1627 1008 1692 p.
1069 1607 1200 1672 289
1257 1629 1354 1694 sq.
1413 1606 1494 1672 41
1557 1630 1625 1694 Ρ.
1695 1608 1779 1673 28
1802 1657 1819 1690 ,
1874 1606 2053 1672 nullo
2108 1607 2375 1692 negotio
2440 1604 2759 1688 intellexi,

615 1709 792 1797 quod
837 1731 1014 1775 nuno
1059 1719 1158 1776 est
1201 1711 1491 1800 (‚ou)m‚
1546 1712 1619 1778 id
1664 1722 1817 1778 ante
1876 1714 2075 1778 fixisse
2136 1710 2413 1801 (eu)nt
2468 1711 2583 1801 (de
2630 1733 2759 1799 quo

621 1816 860 1882 erroris
909 1837 1156 1903 genere
1207 1819 1278 1882 in
1311 1818 1773 1906 Conjeetaneis
1802 1819 1970 1885 xlx
2014 1817 2660 1884 commemorabimus
2688 1819 2760 1883 in

619 1921 1032 1989 emendando
1055 1923 1200 1990 loeo
1223 1923 1554 1990 Laetantii
1575 1923 1784 1990 Theb.
1808 1925 1926 1990 IV.
1940 1925 2067 1990 811
2095 1923 2481 2014 versantes),
2504 1924 2757 1990 litteras

614 2050 713 2094 eu
743 2037 964 2096 autem
1009 2051 1134 2096 ea:
1180 2032 1249 2096 in
1294 2053 1445 2096 eum
1477 2033 1651 2098 enim
1680 2031 1947 2098 modum
1976 2032 2237 2098 variare
2282 2041 2351 2098 et
2395 2053 2563 2096 seu:
2608 2052 2759 2096 eeu

615 2133 873 2224 aliaque
937 2159 1062 2204 nos
1120 2159 1319 2226 supra
1383 2136 1671 2204 vidimus
1728 2141 1792 2204 ἦν.
1852 2137 1939 2206 35
1996 2147 2065 2204 et
2134 2161 2198 2204 ν.
2244 2139 2331 2204 63
2388 2137 2759 2204 devincas·

609 2240 824 2308 Rehd.
857 2242 1209 2310 demneus.
1260 2243 1388 2310 ΙΙΙ.
1419 2245 1484 2328 3,
1519 2243 1649 2310 155
1680 2244 2111 2334 rependant.
2140 2243 2351 2310 Rehd.
2380 2242 2759 2334 repedant.

611 2369 817 2415 eura:
883 2371 1091 2434 eura,
1147 2358 1262 2417 att
1307 2358 1424 2434 ut,
1481 2373 1753 2436 angue:
1813 2371 2052 2436 ungue
2108 2349 2263 2440 (hoo
2320 2351 2495 2416 enim
2552 2349 2759 2416 Theb.

619 2455 794 2520 vul.
845 2456 978 2522 380
1005 2463 1160 2522 ante
1203 2455 1669 2523 Marklandum
1696 2455 1855 2522 Silv.
1902 2455 1979 2522 ll.
2030 2459 2090 2540 1,
2140 2455 2267 2524 135
2298 2480 2365 2544 Ρ.
2410 2457 2541 2523 219
2588 2455 2762 2522 eodi-

615 2562 712 2627 eis
758 2563 988 2650 optimi
1031 2563 1238 2630 fretus
1280 2564 1673 2630 auctoritate
1720 2563 2003 2629 restituit
2046 2561 2409 2651 Bai-thius),
2456 2585 2543 2630 ru
2552 2571 2759 2630 ουτω

618 2689 758 2755 rap
774 2676 916 2734 tare
986 2667 1280 2757 Conject.
1349 2669 1415 2734 X
1428 2715 1446 2752 ,
1519 2667 1653 2734 alia
1693 2668 1973 2758 plurima
2018 2668 2381 2736 docuerunt
2448 2669 2759 2734 Heinsius

622 2773 812 2859 Virg.
860 2773 1030 2839 Aen.
1090 2774 1202 2840 VI.
1250 2774 1380 2841 438
1428 2800 1494 2863 p.
1555 2776 1661 2840 71.
1734 2773 2315 2842 Drakenborehius
2370 2774 2516 2840 Liv.
2573 2774 2757 2841 XLI.

621 2880 686 2962 9,
735 2877 801 2944 4.
847 2879 1226 2947 Schwabius
1259 2879 1498 2947 catull.
1525 2905 1590 2969 p.
1615 2881 1848 2948 XXIV
1872 2905 1969 2970 sq.
2014 2879 2336 2948 Jmhofius
2358 2878 2401 2946 l.
2446 2880 2512 2946 d.
2558 2904 2624 2969 p.
2649 2881 2758 2947 39.

615 2984 758 3051 Nee
786 2995 1131 3074 postquam
1163 3009 1204 3052 a
1230 2985 1516 3053 fibrariis
1537 2987 1964 3054 usitatissima
1992 3007 2291 3076 quaeque
2324 2995 2393 3052 et
2420 2985 2759 3052 tritissima

613 3092 684 3157 in
727 3090 940 3158 locum
994 3092 1343 3158 verborum
1389 3091 1584 3181 paulo
1643 3093 2157 3160 reconditiorum
2212 3091 2633 3179 subrogando
2686 3093 2757 3158 in

621 3197 747 3263 hae
789 3220 1049 3287 quoque
1106 3197 1340 3286 ecloga
1397 3209 1687 3266 erratum
1730 3199 1981 3289 liquido
2041 3201 2346 3287 apparuit
2392 3197 2645 3287 (adnot.
2692 3222 2756 3262 v.

620 3302 777 3394 19.),
849 3303 1204 3392 quidquam
1247 3327 1472 3372 morae
1519 3315 1650 3390 est,
1719 3307 2063 3395 quominus
2106 3321 2431 3370 memores
2476 3305 2758 3394 permix-

613 3393 827 3476 t‘arum
873 3412 1046 3478 inter
1089 3432 1160 3476 se
1205 3431 1442 3478 vocum
1487 3421 1555 3478 et
1597 3413 1675 3479 in
1722 3423 1791 3478 et
1823 3414 1986 3502 jam
2040 3409 2419 3501 (Claudium.
2476 3409 2755 3498 Eutrop.

614 3517 662 3582 1.
717 3518 838 3584 131
889 3517 937 3584 J
946 3517 1432 3606 nfaustamque.
1463 3518 1622 3584 Jun.
1668 3519 1714 3586 J
1724 3541 1839 3585 am
1888 3519 2315 3606 faustumque.
2400 3516 2508 3582 Pr.
2560 3516 2756 3584 Cone.

613 3621 757 3690 Stil.
804 3625 852 3692 1.
900 3623 1052 3691 3553
1097 3646 1222 3690 nee
1248 3624 1502 3714 spicula
1533 3625 1811 3716 supplex
1840 3626 1885 3692 J
1898 3647 2015 3690 am
2058 3631 2341 3712 torquet.
2387 3621 2528 3688 Pal.
2576 3621 2755 3689 Flor.

614 3729 793 3797 Med.
859 3731 904 3798 J
915 3731 1270 3822 ntorquet)
1331 3739 1398 3798 et
1439 3733 1720 3798 mirum:
1766 3753 2035 3797 murum
2093 3729 2373 3820 (Lucan.
2420 3729 2541 3795 IV.
2584 3727 2758 3794 456:

617 3837 785 3920 Stat,
832 3837 1146 3922 mirum,
1192 3836 1418 3904 moles.
1467 3839 1725 3908 Thuan.
1770 3858 2074 3903 murum.
2120 3836 2317 3924 Prop.
2364 3834 2477 3901 111.
2527 3835 2587 3918 7,
2640 3834 2756 3899 14:

619 3943 730 4009 Ad
797 3943 980 4031 Myo
1002 3967 1032 4009 s
1103 3946 1414 4031 exiguum
1487 3983 1578 3995 —-
1647 3946 1795 4011 iter.
1863 3943 2051 4010 Leid.
2119 3965 2218 4032 pr.
2291 3942 2483 4008 Voss.
2548 3941 2758 4006 Dorv.

622 4045 894 4115 Miros.
941 4047 1111 4114 Exe.
1147 4049 1320 4116 Seal'.
1351 4049 1444 4116 At
1472 4053 1781 4118 mirum.
1814 4049 1897 4116 al.
1930 4047 2761 4137 ad·muros)litteran1m-

615 4173 744 4242 que
791 4153 863 4220 ri
910 4151 1042 4242 (ir)
1093 4161 1159 4220 et
1203 4178 1268 4236 u,
1315 4179 1380 4240 n,
1425 4179 1493 4222 m
1531 4154 1815 4245 (catull.
1866 4155 1977 4238 67,
2028 4155 2119 4221 63
2162 4152 2554 4220 uvidulam.
2600 4153 2759 4218 Dat.

615 4260 816 4325 Laur.
862 4259 1273 4326 vii-idolum.
1324 4261 1596 4344 Quintil.
1628 4262 1815 4328 Deol.
1840 4261 1947 4328 lv.
1987 4261 2068 4328 15
2099 4283 2169 4349 Ρ.
2200 4262 2282 4327 97
2316 4260 2545 4328 varie
2561 4267 2759 4326 tute.

617 4363 808 4432 Witt.
862 4363 1051 4432 Leid.
1107 4365 1189 4433 al.
1243 4366 1570 4434 vanitate
1615 4366 1719 4456 (ut
1771 4366 1968 4434 Ovid.
2024 4367 2207 4434 Fast.
2252 4367 2339 4440 V.
2386 4366 2535 4434 402.
2571 4363 2761 4434 Olau-
