3234 4967
625 358 698 419 1⁸)

663 406 700 421 ἓν

1469 358 1724 409 Αᾱηοί.
1765 358 1912 408 1-3,

634 545 1146 633 subscripsitque
1173 543 1605 611 Marklandus
1636 544 1767 609 his:
1802 544 2272 629 „Verissimum
2302 544 2527 611 hecmet
2558 546 2780 613 similis

627 676 734 719 ars
795 660 896 717 est
938 650 1030 716 ΙΙ.
1074 652 1136 733 6,
1190 651 1291 715 12.
1383 651 1463 716 In
1509 650 1610 715 his
1658 651 1999 717 affectibus
2048 650 2491 737 exprimendis
2536 654 2778 717 nemini

618 768 981 848 poetarum,
1043 766 1118 821 ut
1175 756 1334 823 mihi
1389 757 1675 840 videtur,
1736 757 1912 821 cedit
1972 756 2242 823 Statius,
2324 756 2636 822 Barthius
2690 798 2776 807 -—-

619 863 941 930 refellitur
988 886 1027 927 a
1057 886 1220 929 voce
1265 868 1534 929 nunc“
1579 886 1702 929 nec
1746 872 1977 928 contra
2024 860 2194 927 dixit
2242 872 2355 927 aut
2384 862 2777 929 Duebnerus

631 979 746 1035 aut
778 969 1134 1055 Queckius.
1207 969 1408 1035 Aliud
1442 969 1766 1057 judicium
1812 970 1935 1033 fuit
1982 968 2320 1035 Gevartii:
2369 969 2777 1057 „Numquam

625 1077 848 1165 capies
904 1076 1139 1159 locum,
1198 1077 1325 1141 nisi
1385 1074 1693 1142 detrahas
1751 1074 2125 1159 litterulam,
2176 1098 2343 1162 quae
2392 1099 2431 1139 a
2478 1076 2777 1161 sequenti

628 1204 792 1248 voce
840 1182 1140 1248 adhaesit
1186 1176 1254 1248 et
1299 1205 1418 1271 pro
1464 1204 1612 1247 nec
1657 1180 1839 1267 legas
1883 1204 1999 1245 ne.
2056 1182 2361 1263 Veretur,
2394 1204 2475 1245 ne
2506 1180 2775 1247 Phoebo

631 1290 852 1377 gravis
912 1298 979 1353 et
1035 1289 1349 1353 molestus
1409 1288 1512 1371 sit,
1577 1287 1631 1351 si
1693 1285 2110 1352 sollemnibus
2171 1286 2389 1351 verbis
2446 1286 2627 1351 illum
2687 1288 2778 1351 in-

629 1398 891 1461 vocet.“
985 1395 1282 1477 Quocum
1331 1396 1424 1460 sic
1472 1394 1801 1482 discrepat
1830 1392 2162 1475 Barthius,
2210 1402 2285 1458 ut
2330 1402 2573 1459 statuat
2617 1393 2778 1458 nihil

623 1502 747 1567 hoc
793 1523 936 1567 esse
982 1502 1507 1567 convenientius:
1572 1520 1773 1581 „ceu
1806 1499 2132 1565 Castaliae
2165 1538 2247 1550 --
2282 1500 2577 1565 invisus“
2616 1498 2777 1587 (Ad-

623 1630 796 1673 vers.
845 1607 1040 1673 XIII.
1093 1606 1177 1671 10
1221 1630 1286 1695 p.
1325 1607 1450 1671 728
1500 1615 1566 1670 et
1614 1604 2009 1671 Animadvv.
2058 1628 2123 1693 p.
2171 1604 2355 1694 500).

800 1713 1221 1778 Verumenim
1233 1735 1385 1777 vero
1443 1722 1680 1777 neutra
1744 1713 2070 1777 sententia
2124 1734 2207 1776 ne
2266 1712 2591 1777 tantulum
2646 1714 2780 1799 qui-

629 1820 780 1888 dem
837 1818 1056 1901 habet,
1130 1819 1306 1907 quod
1365 1818 1634 1906 probari
1693 1827 1911 1906 queat.
2004 1816 2335 1883 Videlicet
2396 1840 2619 1883 omnes
2672 1842 2780 1905 pa-

629 1949 774 1994 rum
821 1934 1324 2013 perspexerunt,
1388 1924 1545 2012 quid
1606 1923 1874 1989 tandem
1929 1926 1999 1991 in
2058 1924 2183 1990 hoc
2227 1923 2372 1989 loco
2420 1923 2779 1990 vacillaret.

634 2032 816 2114 Quos
875 2032 1158 2121 primum
1217 2015 1387 2097 hanc
1446 2030 1799 2096 verborum
1862 2032 2097 2095 seriem
2150 2030 2511 2096 intuentes:
2582 2053 2781 2115 „nec
2850 2088 2853 2093 .

625 2137 1053 2205 Castaliae
1115 2136 1544 2203 vocalibus
1601 2136 1842 2202 undis
1904 2136 2235 2201 Invisus
2292 2136 2778 2227 Phoeboque

624 2246 979 2331 gravis“
1026 2267 1226 2333 quum
1273 2244 1667 2310 advertisset
1712 2240 1825 2307 illa
1870 2244 2055 2330 quasi
2102 2244 2501 2331 conspiratio
2546 2266 2778 2309 vocum

622 2350 953 2416 invisus
1000 2362 1067 2415 et
1113 2351 1428 2437 gravis,
1485 2371 1681 2437 quam
1731 2350 2141 2435 agnoscimus
2186 2352 2255 2414 in
2302 2350 2589 2415 Senecae
2636 2349 2779 2414 loco

629 2456 817 2523 Suas.
865 2456 984 2522 VI.
1044 2480 1109 2544 p.
1158 2458 1266 2539 30,
1329 2457 1448 2521 21:
1524 2457 1638 2539 „si
1684 2456 1789 2521 cui
1837 2477 1922 2519 ex
1966 2456 2331 2521 triumviris
2375 2479 2507 2522 non
2554 2478 2625 2521 es
2669 2456 2777 2519 in·

627 2564 900 2644 visuS‚
949 2562 1236 2649 gravis
1283 2566 1410 2627 es“
1459 2560 1570 2650 (cf.
1603 2560 1811 2627 Theb.
1859 2562 1984 2625 III.
2035 2562 2199 2627 367:
2246 2562 2473 2645 „divis
2518 2562 2779 2627 Invisus

628 2669 936 2755 vitaeque
983 2672 1293 2734 nocens.“
1363 2668 1514 2733 Sen.
1561 2666 1765 2754 Hipp.
1803 2667 1960 2731 194:
2009 2667 2373 2755 coeloque
2419 2669 2670 2755 pariter
2715 2676 2781 2731 et

630 2783 848 2839 terrae
895 2776 1244 2861 gravis.“
1315 2774 1496 2841 Cort.
1529 2772 1779 2839 Lucan.
1802 2772 1992 2838 VIII.
2030 2772 2154 2839 157
2186 2797 2251 2861 Ρ.
2286 2774 2467 2862 295),
2514 2775 2659 2863 ipsa
2704 2798 2783 2839 ea

630 2902 738 2947 res
783 2881 1147 2969 praeteriit,
1211 2900 1378 2967 quae
1423 2880 1636 2967 major
1684 2887 1855 2943 esset
1902 2888 1967 2943 et
2014 2877 2099 2945 ad
2146 2879 2669 2965 cognoscendam
2716 2890 2782 2944 et

627 2985 1194 3074 interpretandam
1231 2986 1569 3073 scriptoris
1599 2983 2008 3049 voluntatem
2039 2983 2375 3049 illustrior.
2435 2984 2781 3051 Praeclare

629 3094 802 3158 enim
859 3092 987 3158 sibi
1045 3091 1468 3179 respondent,
1528 3112 1697 3179 quae
1768 3110 1993 3155 omnes
2061 3088 2212 3155 libri
2277 3100 2573 3156 tuentur:
2633 3113 2783 3157 nec

631 3197 1022 3287 (Castaliae)
1054 3236 1144 3247 -
1173 3196 1506 3289 (Phoebo)¹
1547 3219 1699 3285 que
1748 3194 1854 3285 (ut
1906 3196 2083 3284 apud
2131 3195 2439 3263 Ovidium
2486 3197 2646 3261 Met.
2692 3198 2782 3264 ΙΙ.

629 3304 791 3369 811;
851 3304 1104 3387 „Quae
1163 3326 1428 3392 neque
1493 3303 1657 3367 dant
1702 3302 1995 3369 flammas
2039 3302 2327 3391 lenique
2373 3311 2601 3391 tepore
2651 3326 2783 3371 cre-

627 3414 957 3475 mantur.“
1022 3408 1394 3475 Germanic.
1427 3408 1614 3474 Arat.
1646 3410 1893 3474 Phaen.
1934 3410 2090 3478 132:
2138 3408 2404 3492 „Aerea
2449 3410 2565 3477 sed
2611 3422 2786 3501 post-

629 3538 825 3603 quam
870 3514 1090 3604 proles
1137 3517 1332 3581 terris
1377 3516 1554 3598 data,
1603 3538 1751 3580 nec
1797 3518 1939 3603 jam
1988 3516 2251 3581 Semina
2295 3518 2559 3582 virtutis
2603 3519 2783 3583 vitiis

633 3620 932 3687 demersa
997 3623 1311 3689 resistunt
1367 3622 1723 3711 Ferrique
1792 3623 2062 3687 invento
2135 3644 2319 3688 mens
2382 3634 2481 3689 est
2539 3622 2785 3689 laetata

633 3718 966 3795 metallo.“
1037 3728 1221 3797 Cort.
1252 3729 1502 3796 Lucan.
1533 3729 1588 3794 Ι.
1620 3728 1751 3793 479
1784 3751 1849 3815 p.
1888 3729 2033 3794 130.
2097 3729 2317 3795 Hand.
2353 3729 2631 3795 Tursell.
2663 3730 2781 3795 IV.

630 3856 696 3921 p.
743 3835 868 3901 136
914 3834 1064 3923 sq.).
1157 3836 1308 3919 Quo
1355 3836 1719 3903 certissimo
1765 3836 2013 3902 indicio
2061 3837 2293 3926 patefit
2340 3858 2418 3901 ac
2462 3836 2784 3901 convinci·

631 3949 740 4005 tur
775 3940 846 4005 id
871 3942 1111 4007 erroris
1141 3964 1368 4029 genus,
1400 3965 1529 4030 quo
1554 3942 1761 4008 verba
1791 3942 1971 4008 vidi
2002 3950 2069 4008 et
2099 3944 2134 4007 f
2137 3942 2272 4007 udi
2296 3941 2558 4031 (quibus
2580 3940 2785 4005 multa

631 4045 1019 4134 adjiciemus
1077 4046 1315 4113 similia
1361 4048 1657 4137 Conject.
1697 4047 1875 4113 XVl.
1925 4056 1993 4113 et
2021 4048 2348 4113 Emendd.
2397 4048 2592 4133 Prop.
2642 4067 2783 4134 cap.

639 4150 771 4255 Vll.
807 4153 853 4217 4
893 4162 1029 4219 not.
1067 4152 1184 4243 58)
1227 4154 1405 4255 inter
1449 4176 1518 4219 se
1561 4162 1935 4242 permutata
1980 4176 2121 4219 esse
2160 4163 2235 4219 ut
2264 4154 2441 4242 apud
2472 4152 2787 4221 Seneca-m

642 4256 820 4323 Med.
851 4258 980 4324 135
1025 4266 1094 4323 et
1125 4258 1586 4326 Germanicum
1615 4261 1806 4327 Arat.
1836 4259 2083 4325 Phaen.
2116 4258 2223 4325 35.
2272 4260 2583 4326 Heinsius
2612 4260 2787 4327 Adv.

640 4362 767 4431 III.
835 4364 936 4429 14.
1005 4388 1072 4455 p.
1117 4363 1270 4432 507.
1361 4364 1792 4435 Ruhnkenius
1852 4364 2088 4455 Vellej.
2148 4364 2239 4429 II.
2301 4367 2449 4431 111.
2516 4390 2580 4455 p.
2642 4367 2789 4432 192.
