3234 4967
619 354 736 419 126
1511 358 1736 409 Adnot.
1787 349 1868 411 79'.

608 584 831 627 eorum
889 561 1181 627 locorum
1240 562 1553 647 indicem,
1617 586 1780 652 quos
1835 572 2084 629 temere
2145 573 2364 652 spreto
2414 567 2752 633 omnium

604 668 901 733 codicum
954 690 1275 734 consensu
1334 690 1455 733 nec
1512 678 1793 755 cogente
1835 672 2117 735 setentia
2163 693 2361 757 quum
2407 682 2750 759 corruptos

605 783 903 839 censeret
930 773 1357 840 Marklandus
1404 784 1519 840 aut
1562 777 1704 862 ipse
1751 778 2040 841 correxit
2085 786 2200 841 aut
2229 799 2372 843 esse
2403 779 2750 845 emenda-n-

607 881 724 946 dos
760 881 1107 969 judicavit,
1123 886 1162 919 “
1210 882 1379 945 hunc
1424 904 1687 947 versum
1733 905 1865 947 non
1910 881 2134 947 retulit
2165 882 2246 947 de
2279 883 2439 951 silv.
2475 884 2747 950 Condic.

604 1010 668 1073 p.
716 986 823 1051 32.
917 986 1125 1075 Cujus
1176 1010 1409 1053 versus
1453 1010 1680 1053 veram
1741 990 2028 1075 speciem
2087 1011 2280 1055 nemo
2338 1012 2506 1055 unus
2552 992 2746 1077 cepit.

603 1093 835 1181 Neque
882 1092 950 1157 id
994 1094 1257 1157 mirum:
1308 1095 1820 1181 quotusquisque
1870 1095 2042 1159 enim
2081 1096 2433 1179 invenitur,
2481 1099 2589 1184 qui
2623 1120 2748 1184 qua

604 1208 743 1263 arte
776 1200 979 1263 incise
1013 1200 1549 1287 membratimque
1582 1199 1843 1265 dicendi
1877 1222 2090 1287 quave
2119 1202 2328 1267 verba
2359 1202 2746 1289 disponendi

603 1303 959 1369 subtilitate
990 1314 1249 1369 veteres
1274 1314 1529 1392 ‘poetae
1562 1306 1911 1371 assuefacti
1943 1308 2098 1391 sint,
2133 1328 2280 1373 cum
2314 1310 2746 1375 attentissima

600 1409 862 1495 legendi
908 1411 1197 1475 carmina
1242 1433 1401 1477 cura
1445 1422 1581 1476 tum
1627 1411 1769 1495 ino,
1829 1413 1940 1500 qui
1989 1414 2071 1478 ab
2115 1414 2404 1479 Heinsiis
2451 1423 2520 1480 et
2565 1415 2748 1501 Seyf-

602 1517 784 1581 fertis
840 1538 987 1581 cum
1034 1518 1273 1603 insigni
1322 1527 1387 1582 et
1429 1518 1766 1605 voluptate
1823 1528 1892 1583 et
1936 1517 2132 1584 laude
2177 1528 2526 1608 usurpatus
2571 1542 2746 1584 nunc

601 1644 746 1688 cum
791 1623 1063 1688 mirifico
1112 1632 1331 1687 rectae
1380 1623 1718 1688 doctrinae
1767 1624 2004 1689 damno
2035 1626 2298 1690 fastidio
2331 1648 2476 1689 esse
2507 1627 2742 1713 coepit,

602 1750 830 1795 versus
876 1728 1158 1793 faciendi
1204 1750 1384 1793 more
1432 1730 1692 1816 penitus
1739 1738 2142 1817 compertum
2189 1732 2512 1819 planeque
2549 1756 2744 1797 sensu

602 1858 717 1901 suo
786 1844 1168 1925 perceptum
1228 1834 1515 1900 haheat?
1604 1836 1806 1918 Nam,
1876 1839 2001 1901 nisi
2059 1839 2326 1923 egregie
2389 1838 2612 1921 fallor,
2675 1838 2743 1903 id

599 1943 843 2029 ipsum,
916 1941 1091 2027 quod
1162 1942 1552 2027 optimorum
1608 1940 1919 2008 librorum
1981 1965 2331 2009 consensus
2392 1950 2640 2028 tuetur,
2705 1970 2744 2010 a

600 2048 809 2113 Statio
858 2048 1165 2134 scriptum
1214 2056 1315 2111 est
1357 2048 1423 2112 in
1470 2046 1640 2113 hanc
1685 2050 2103 2115 sententiam:

804 2170 989 2223 Nonne
1044 2168 1329 2237 gemam?
1384 2178 1469 2231 te,
1526 2188 1650 2225 care
1701 2155 1860 2242 pue-r,
1917 2190 2021 2243 quo
2060 2166 2265 2243 sospfle.
2313 2182 2465 2226 natos

804 2255 1103 2325 Concupii?

598 2358 669 2423 id
714 2368 814 2423 est
860 2380 1016 2450 quo
1061 2380 1185 2443 ego
1232 2367 1421 2423 natos
1466 2361 1842 2447 concupii
1887 2370 1974 2445 te,
2025 2383 2173 2427 care
2219 2384 2404 2449 puer,
2454 2363 2744 2451 sospite?

599 2464 757 2552 quid
800 2464 1066 2529 tandem
1114 2474 1179 2528 te
1228 2467 1469 2552 sospite
1514 2466 1715 2531 fuisse
1765 2467 2008 2551 dicam,
2057 2467 2232 2555 quod
2277 2478 2466 2535 natos
2513 2490 2743 2535 concu-

598 2570 961 2657 piscerem?
1050 2572 1145 2637 Ut
1190 2571 1369 2657 apud
1415 2570 1810 2637 Ciceronem.
1851 2582 1952 2638 est
1993 2572 2174 2639 Ooel.
2219 2576 2334 2639 21:
2385 2575 2552 2639 dixit
2598 2597 2742 2662 pro-

598 2679 791 2763 fecto,
840 2701 989 2766 quo
1021 2678 1221 2744 vellet
1252 2702 1499 2745 aurum.
1533 2680 1721 2765 Virg.
1753 2680 1920 2747 Aen.
1953 2680 2044 2745 II.
2084 2680 2238 2746 150:
2287 2681 2457 2763 Quo
2504 2681 2742 2745 molem

597 2784 767 2849 hanc
808 2786 1109 2851 immanis
1164 2786 1315 2873 equi
1368 2786 1709 2850 statuere?
1801 2786 1936 2851 Gir.
1985 2786 2145 2851 315:
2197 2786 2370 2867 Quo
2416 2808 2590 2851 nunc
2635 2809 2738 2853 me

596 2928 684 2939 —-
729 2899 843 2955 aut
889 2912 1055 2977 quae
1102 2914 1207 2956 me
1254 2892 1521 2957 numina
1565 2891 1878 2956 servant?
1969 2890 2311 2957 claudian.
2357 2892 2508 2958 Rus.
2540 2895 2588 2956 1.
2621 2893 2738 2957 48:

476 3066 483 3075 ,
601 2996 778 3078 Quo
824 2996 1043 3063 rabies
1088 2998 1315 3061 innata
1344 2996 1565 3084 perit?
1644 2996 1870 3062 Manil.
1901 2997 1956 3061 Ι.
1997 2997 2154 3062 744:
2206 2998 2372 3080 Quo
2407 3001 2740 3085 querimur

596 3102 890 3169 flammas
946 3112 1154 3168 totum
1216 3105 1503 3169 saevisse
1560 3125 1681 3190 per
1739 3103 2012 3170 orbem?
2083 3106 2165 3169 cf.
2233 3105 2376 3169 Jac.
2451 3129 2515 3192 p.
2587 3107 2733 3171 218.

597 3210 760 3276 Stat.
809 3209 969 3277 Silv.
1017 3210 1107 3274 II.
1160 3211 1217 3293 1,
1271 3208 1425 3277 138:
1474 3210 1679 3293 Qu0‚
1721 3209 1912 3293 diva,
1971 3210 2148 3277 feros
2203 3212 2428 3296 gravis
2485 3213 2737 3277 exseris

596 3315 897 3402 ungues?
1018 3315 1223 3382 Theb.
1292 3315 1417 3379 IX.
1487 3314 1604 3379 55:
1675 3316 1852 3398 Quo
1921 3318 2166 3403 gaudia
2241 3319 2410 3383 tanti
2495 3316 2739 3407 Empta

594 3422 803 3489 mihi?
899 3420 1036 3488 Vet.
1084 3421 1331 3490 Schol.:
1393 3444 1509 3487 cur
1552 3432 1774 3510 petam
1823 3424 1949 3489 ea?
2040 3425 2391 3513 Reposian.
2443 3424 2734 3490 Concu-b.

595 3531 791 3597 Mart.
838 3539 905 3595 et
948 3529 1117 3595 Ven.
1164 3529 1285 3593 52:
1378 3528 1555 3610 Quid
1601 3528 1837 3595 Gratia
1866 3526 2106 3595 cessit?
2183 3530 2359 3612 Quid
2388 3530 2690 3597 Charites
2703 3530 2748 3595 Ῥ-

596 3656 774 3724 quc,
824 3658 1017 3701 saeve
1065 3658 1260 3723 puer,
1315 3656 1447 3700 non
1506 3634 1658 3700 licia
1715 3637 2031 3701 nectisW‘
2136 3636 2316 3703 Cort.
2378 3638 2625 3703 Lucan.
2689 3642 2737 3703 l.

594 3744 728 3809 663
770 3766 835 3831 p.
888 3744 1034 3809 172.
1083 3740 1322 3807 Markl.
1369 3739 1529 3808 Silv.
1576 3742 1632 3807 I.
1682 3744 1742 3826 2,
1794 3744 1920 3807 186
1967 3766 2032 3830 p.
2071 3743 2217 3807 180.
2310 3744 2577 3809 Distant
2622 3744 2738 3829 igi-

496 3842 499 3847 ’
592 3860 700 3913 tur
736 3848 1111 3936 plurimum,
1162 3848 1409 3936 quibus,
1444 3848 1784 3913 doctorum
1831 3849 2160 3916 hominum
2205 3854 2521 3916 memoria
2562 3850 2758 3915 vide-·

592 3964 701 4019 tur
760 3955 1151 4039 adhaesisse,
1212 3955 1531 4043 ejusmodi
1591 3954 1738 4039 loci,
1813 3955 2070 4044 qualem
2142 3954 2456 4024 habemus
2527 3956 2734 4022 Theb.

594 4062 709 4125 lX.
766 4061 925 4126 383:
987 4070 1060 4125 tu
1118 4061 1337 4127 nobile
1395 4061 1722 4149 quondam
1781 4100 1870 4111 --
1931 4062 2162 4145 decus,
2212 4084 2358 4151 quo
2419 4065 2735 4151 sospite

591 4170 800 4255 major
856 4167 1031 4232 Diva
1082 4204 1171 4243 -7-
1224 4166 1554 4233 ferebar“.
1583 4168 1666 4232 cf.
1715 4166 1875 4234 Silv.
1921 4168 2048 4234 III.
2095 4170 2158 4251 3,
2205 4168 2365 4234 209:
2429 4171 2738 4258 sospite

590 4277 846 4339 nat0.“
1771 4310 1778 4317 -

770 4380 1022 4467 Quibus
1069 4388 1283 4447 autem
1316 4399 1444 4445 non
1476 4380 1770 4465 contigit,
1817 4388 1888 4447 ut
1931 4381 2318 4447 sententiam
2353 4382 2732 4449 verborum:
