3234 4967
721 366 821 416 274
1515 361 1839 426 ,Coujeca
1875 359 1998 411 XX.

721 551 949 588 crescere
999 535 1242 586 flammas.
1313 535 1425 586 Pal.
1464 534 1631 587 Vatic.
1684 534 2033 585 flavescere.
2100 533 2287 588 Moret.
2348 535 2481 586 Exc.
2536 534 2695 584 Deus.
2732 534 2854 584 cod.

720 624 881 677 Prisc.
919 619 1347 683 flammescere).
1417 621 1488 672 Ut
1534 621 1670 686 apud
1703 619 1978 684 Virgilium
2013 625 2091 670 est
2122 617 2254 671 Aen.
2292 619 2359 673 X.
2397 621 2526 670 324:
2594 619 2853 670 flavens

721 709 882 776 prima
915 709 1154 774 lanugine
1189 706 1431 757 malas.“
1502 703 1590 759 Sil.
1626 705 1775 760 XVI.
1811 708 1938 757 487:
1994 704 2179 755 Omnes
2212 706 2453 770 primaevi
2489 705 2854 756 flaventia-

722 809 824 862 que
857 809 971 845 ora
1006 792 1226 844 decori.“
1299 792 1487 843 Valck.
1522 791 1648 841 Eur.
1685 791 1879 842 Phoen.
1908 791 1972 841 32
2009 803 2061 850 ρ.
2088 792 2169 842 15.
2239 791 2323 841 Ac
2356 790 2584 842 similiter
2620 792 2855 856 quamvis

723 880 776 930 in
811 880 1066 930 mentione
1101 879 1412 928 diversarum
1447 892 1613 927 rerum
1650 877 1810 926 flavus
1846 876 1992 925 color
2026 875 2419 942 reprehenditur
2478 885 2531 927 et
2565 879 2630 927 ab
2666 875 2856 927 Ovidio

723 965 840 1017 Am.
876 965 948 1018 11.
987 965 1035 1024 5,
1070 965 1163 1014 39:
1233 977 1297 1012 ne
1349 962 1514 1028 longis
1567 960 1943 1012 flavescere
1989 962 2150 1026 possit
2184 963 2248 1011 ab
2284 963 2429 1012 annis
2466 988 2528 998 —
2567 962 2723 1013 ebur“
2785 963 2854 1012 cf.

725 1049 957 1102 Broukh.
996 1045 1154 1114 Prop.
1191 1048 1288 1099 IV.
1329 1051 1376 1108 7,
1413 1049 1476 1098 82
1514 1060 1561 1108 p.
1597 1049 1699 1098 448
1738 1055 1791 1098 et
1826 1048 1890 1097 ab
1927 1045 2140 1097 Valerio
2177 1046 2375 1098 Catone
2410 1047 2521 1097 Dir.
2559 1049 2646 1098 16:
2703 1047 2855 1098 Pal-

725 1137 861 1186 lida
894 1135 1272 1186 flavescant
1327 1141 1467 1183 aestu
1504 1133 1723 1184 sitientia
1756 1131 1954 1198 prata“,
2011 1148 2161 1197 quem
2212 1133 2382 1182 locum
2442 1130 2858 1196 (dissimillimum

727 1219 1013 1286 Symmachi
1049 1215 1217 1271 Laud.
1255 1215 1483 1272 Gratian.
1523 1220 1554 1269 9
1589 1230 1637 1280 Ρ.
1675 1219 1767 1269 36:
1805 1225 1983 1284 sponte
2018 1232 2165 1283 seges
2201 1226 2401 1269 matura
2436 1218 2761 1270 flavesceret“
2798 1227 2860 1270 et

726 1306 1017 1358 Ermoldi
1050 1303 1237 1370 'Nigelli
1271 1303 1417 1368 Eleg.
1453 1318 1500 1357 v.
1542 1307 1627 1354 11:
1682 1301 1902 1355 Aurea
1952 1320 2072 1354 rura
2106 1304 2199 1353 sibi
2234 1303 2617 1367 flavescunt,
2671 1319 2861 1356 rosea

727 1399 891 1459 prata.
941 1391 1053 1445 cod.
1104 1405 1351 1442 roseam
1396 1391 1450 1439 id
1497 1397 1575 1440 est
1617 1389 1906 1454 roscida)
1956 1388 2183 1440 Naekius
2237 1390 2403 1440 omisit
2453 1404 2744 1456 comparare
2800 1399 2861 1441 et

728 1494 841 1530 cum
876 1478 1074 1529 Rutilio
1108 1477 1171 1526 It.
1208 1475 1254 1529 Ι.
1289 1477 1416 1528 479:
1453 1476 1540 1525 ubi
1576 1476 1853 1541 flagrantes
1890 1475 2117 1526 admovit
2151 1473 2311 1526 Sirius
2345 1475 2508 1538 ignes,
2547 1475 2675 1527 Cum
2710 1478 2858 1543 pal-

728 1565 867 1615 lent
899 1559 1120 1614 herbae“
1179 1559 1468 1627 Ovidioque
1504 1561 1647 1612 Fast.
1684 1561 1728 1612 Ι.
1766 1563 1893 1614 688:
1952 1561 2060 1612 Nec
2112 1562 2234 1611 vitio
2271 1561 2403 1611 coeli
2456 1552 2717 1626 palleat
2751 1564 2865 1614 ulla.

729 1649 910 1716 seges“
949 1657 999 1700 et
1035 1663 1149 1698 cum
1186 1645 1504 1710 Quintiliano
1540 1648 1586 1697 Ι.
1626 1647 1657 1696 3
1693 1659 1741 1708 p.
1778 1647 1871 1698 34:
1939 1646 2208 1710 herbulae,
2256 1661 2386 1711 quae
2422 1646 2655 1700 inanibus
2692 1649 2861 1699 aristis

732 1743 852 1786 ante
889 1748 1104 1785 messem
1140 1731 1545 1785 flavescunt“
1583 1740 1635 1781 et
1668 1731 1837 1782 Plinio
1871 1729 1935 1784 N.
1972 1732 2035 1786 H.
2072 1731 2193 1785 XV.
2231 1734 2311 1793 29,
2349 1733 2414 1784 36
2450 1745 2496 1793 p.
2532 1735 2657 1784 478:
2715 1743 2863 1798 post-

735 1835 888 1886 quam
923 1819 1112 1869 evaluit
1165 1817 1388 1884 (plebeja
1438 1817 1659 1883 myrtus)
1712 1817 2121 1868 flavescente
2174 1818 2417 1883 patricia“
2471 1817 2673 1883 (Heius.
2711 1818 2864 1870 Ovid.

733 1905 858 1958 Met.
895 1905 964 1956 X.
1005 1905 1104 1956 194
1150 1916 1198 1964 P.
1240 1905 1336 1953 702
1396 1901 1846 1954 flaccescente
1904 1905 2111 1970 incepto
2170 1919 2275 1953 non
2327 1918 2449 1953 sane
2500 1904 2867 1970 probabiliore,

731 2007 882 2058 quarn
920 1991 960 2041 si
997 1989 1110 2055 quis
1134 1987 1282 2040 Statii
1304 1988 1472 2039 locum
1509 1990 1606 2038 hoc
1642 1990 1818 2040 modo:
1853 1988 2162 2041 flacceret
2194 1990 2403 2054 gratia
2438 1990 2647 2040 similem
2664 1990 2869 2042 faceret

643 2071 651 2080 ’
733 2076 951 2128 Afranio
985 2075 1184 2128 Divert.
1220 2073 1289 2124 X.
1327 2075 1391 2126 65
1446 2087 1495 2136 p,
1534 2076 1661 2126 1482
1724 2075 1833 2140 jam
1876 2075 2125 2129 flaccet
2157 2074 2531 2126 fortitudo“
2589 2075 2865 2129 cf.'Gloss.

734 2161 860 2214 Stat.
884 2160 1077 2212 Achill.
1103 2159 1147 2209 Ι.
1172 2161 1270 2212 336
1297 2172 1345 2221 p.
1371 2161 1471 2212 350
1505 2159 1737 2216 Duebn.:
1775 2161 1963 2211 invicta
1986 2159 2193 2226 virtute)
2230 2176 2332 2210 non
2366 2159 2391 2210 f
2400 2161 2615 2212 lacces
2630 2163 2869 2212 cente.“

733 2248 936 2300 Arnob.
973 2246 1096 2296 VII.
1134 2247 1200 2297 32
1237 2258 1288 2307 ι).
1312 2247 1434 2298 252:
1476 2247 1845 2312 omnipotentia
1879 2247 2089 2298 numina
2122 2273 2185 2282 —
2224 2246 2417 2296 mollita
2450 2247 2867 2299 flaccescunt.

731 2335 828 2386 IV.
865 2336 929 2384 22
983 2345 1032 2394 p,
1080 2335 1206 2384 1512
1276 2332 1678 2383 flaccescentium
1732 2333 2045 2398 voluptatum
2097 2332 2382 2383 ardorem.“
2471 2330 2641 2388 Gloss.
2686 2334 2866 2400 Labi»,

734 2434 782 2486 p.
822 2422 943 2473 119:
1001 2414 1300 2487 μαραίνρμαι
1351 2433 1595 2480 maceror,
1649 2433 1921 2481 marcesco,
1976 2419 2239 2479 flaccescO,
2292 2420 2568 2470 exaresco“
2620 2428 2673 2470 et
2726 2423 2867 2484 quod

736 2506 942 2560 Graecis
979 2512 1240 2570 receptum
1277 2511 1357 2555 est
1400 2500 1694 2572 μαραίνεται
1730 2501 1905 2572 ῥώμη,
1960 2501 2093 2572 ἀκμή
2149 2504 2338 2561 Rhoer.
2375 2507 2622 2572 Porphyr.
2658 2518 2709 2567 p·
2747 2509 2865 2558 285.

734 2591 924 2643 Baehr.
962 2590 1102 2643 Plut.
1138 2589 1320 2656 Pyrrh.
1357 2592 1420 2640 15
1458 2603 1508 2651 p,
1549 2591 1687 2656 188).
1759 2592 1897 2641 Add.
1932 2590 2064 2643 Plin.
2103 2589 2255 2642 XVI.
2292 2593 2340 2653 6,
2380 2595 2409 2642 7
2447 2605 2495 2653 p.
2533 2594 2587 2644 6:
2640 2592 2748 2656 fagi
2785 2592 2863 2643 fo-

736 2679 857 2730 lium
917 2676 1175 2727 celerrime
1234 2675 1626 2730 flavescens,
1696 2676 1845 2726 XIX.
1882 2680 1929 2738 8,
1962 2678 2031 2728 47
2092 2688 2143 2736 p,
2180 2678 2301 2728 279:
2372 2685 2539 2728 menta
2572 2705 2637 2714 -
2672 2685 2863 2729 aestate

736 2765 883 2823 viret,
917 2762 1081 2814 hieme
1116 2760 1455 2812 flavescit“
1492 2760 1557 2814 cf.
1593 2761 1802 2813 XVIII.
1841 2765 1920 2824 13,
1956 2763 2023 2812 34
2058 2773 2109 2823 Ρ.
2131 2764 2246 2814 170.
2315 2764 2456 2829 Ergo
2480 2779 2575 2830 pro
2601 2764 2861 2830 explorato

738 2848 938 2901 affirmo
974 2848 1240 2915 pristinum
1274 2848 1477 2900 illorum
1513 2863 1749 2899 versuum
1784 2856 1971 2900 statum
2006 2847 2161 2900 fuisse
2193 2850 2360 2901 hunc:

1445 2967 1510 3002 ne
1546 2967 1616 3017 sp
1632 2967 1773 3002 arsa
1806 2967 1961 3016 genas
1996 2953 2188 3017 lanugo
2224 2953 2451 3004 nitentes

1144 3034 1399 3104 carperet
1434 3045 1486 3088 et
1519 3052 1716 3104 purae
1750 3037 2036 3090 flaveret
2068 3039 2234 3103 gratia
2267 3039 2475 3093 formae.

875 3417 1113 3468 Nondum
1151 3417 1216 3466 ad
1251 3409 1502 3481 liquidum
1535 3415 1782 3480 perducta
1818 3423 1894 3466 est
1927 3415 2019 3467 illa
2055 3417 2119 3466 de
2158 3413 2281 3468 Silv.
2318 3415 2413 3468 IV.
2454 3420 2499 3478 8,
2537 3420 2595 3468 6:

1179 3519 1288 3570 Nec
1324 3518 1487 3570 solum
1522 3517 1678 3570 festas
1714 3526 1959 3570 secreta
1992 3519 2234 3585 Neapolis
2270 3535 2384 3571 aras

1179 3595 1391 3657 Ambiat

740 3711 987 3777 quaestio·
1055 3709 1372 3774 Magnopere
1411 3707 1543 3758 enim
1580 3706 1779 3758 laborat
1813 3707 2174 3759 Marklandus:
2233 3707 2393 3770 „Quis
2430 3709 2553 3758 mihi
2588 3709 2749 3771 dicet,
2792 3709 2874 3768 in-,

742 3797 882 3863 quit,
929 3809 1090 3862 quare
1124 3793 1377 3861 Neapolis
1414 3794 1511 3844 hoc
1549 3794 1666 3844 loco
1704 3801 1965 3845 secreta
2000 3795 2237 3844 dicatur?
2306 3795 2420 3860 Ego
2457 3794 2583 3844 nihil
2618 3794 2716 3845 hoc
2751 3794 2873 3846 loco

739 3897 961 3949 possum,
997 3882 1092 3932 nisi
1131 3880 1325 3932 Statius
1361 3879 1620 3946 scripserit
1654 3879 1929 3940 laetata,
1986 3873 2124 3930 idem
2185 3881 2323 3945 quod
2376 3881 2561 3932 laeta
2594 3880 2753 3942 facta,
2813 3888 2875 3930 ut

743 3970 878 4035 apud
915 3949 1250 4019 Claudianum
1287 3963 1397 4020 Sec.
1437 3964 1592 4020 Cous.
1633 3965 1745 4019 Stil.
1784 3967 1880 4015 177
1918 3966 1983 4014 de
2019 3979 2075 4015 re
2113 3965 2289 4017 similit
2335 3980 2597 4030 puerum
2630 3991 2697 4014 .—
2734 3967 2872 4016 lae-

744 4061 923 4105 tatus
960 4061 1024 4104 at
1056 4053 1171 4104 ille
1206 4051 1487 4103 sustulit
1537 4060 1588 4102 et
1623 4052 1723 4102 hoc
1758 4067 1903 4102 sensu
1940 4051 2125 4116 passim
2162 4052 2382 4102 occurrit
2415 4052 2543 4103 haec
2576 4066 2693 4102 vox·
2763 4049 2875 4102 Sed

741 4141 842 4192 hoc
899 4152 1006 4190 non
1065 4139 1334 4189 admodum
1393 4137 1606 4203 placet.“
1680 4134 1829 4188 Certe
1865 4137 2057 4189 cautius
2095 4144 2146 4187 et
2183 4137 2462 4188 consultius
2514 4136 2609 4187 fuit
2658 4139 2873 4202 proponi

743 4228 866 4276 hoc:
903 4239 1150 4275 secura.
1222 4222 1374 4286 Quod
1433 4224 1635 4290 quidem
1694 4224 1806 4272 dico
1858 4221 2087 4273 similiter
2140 4223 2205 4272 ab
2259 4215 2437 4273 eodem
2472 4222 2780 4273 Marklando
2816 4223 2873 4273 in

745 4311 847 4361 alio
884 4306 1031 4359 Statii
1065 4309 1178 4360 loco
1211 4317 1539 4376 properatum
1577 4325 1689 4360 esse
1724 4309 1798 4360 sic
1835 4310 2293 4372 demonstraturus,
2347 4316 2401 4359 ut
2434 4324 2467 4359 a
2503 4307 2871 4359 Claudiano

745 4395 990 4448 exordiar.
1061 4396 1124 4446 In
1160 4395 1267 4478 ejus
1304 4395 1435 4446 enim
1472 4395 1642 4446 locum
1680 4395 1841 4445 Laud.
1877 4393 1986 4448 Ser.
2027 4395 2147 4445 139:
