3234 4967
659 356 744 421 86
1562 362 1787 416 Adnot.
1824 364 1921 416 53.

674 566 1048 632 hominibus
1083 566 1317 635 librum
1351 568 1882 655 Rehdigeranum
1928 592 2063 635 vox
2110 572 2177 635 si
2222 584 2608 660 emergeret.
2689 574 2813 642 Oui

663 671 926 759 quidem
974 672 1354 760 saepissime
1401 674 1706 741 alteram:
1756 676 1871 739 sic
1914 677 2214 743 nocuisse
2264 689 2667 767 compertum
2715 692 2815 747 est

671 800 816 843 cum
867 776 1010 843 aliis
1059 778 1378 866 exemplis
1427 779 1667 868 (Drak.
1714 780 1858 846 Liv.
1907 780 2097 847 XXI.
2138 785 2239 867 13,
2274 784 2317 848 5
2349 808 2411 872 Ρ.
2452 784 2554 850 70.
2634 788 2815 875 Seyf-

663 887 812 951 fert.
845 884 982 951 Cic.
1031 880 1222 951 Tusc.
1256 886 1302 950 I.
1352 888 1412 969 2,
1462 888 1524 951 3.
1571 910 1632 973 p.
1684 886 1727 949 4
1760 885 1883 976 sq.)
1932 895 2071 952 tum
2115 889 2321 975 ipsius
2368 890 2560 958 Statii
2607 893 2813 959 Theb.

663 992 750 1056 II.
802 990 961 1055 247:
1011 991 1074 1055 si
1121 1014 1304 1057 mens
1353 1002 1635 1079 accepta.
1670 993 1815 1059 cod.
1851 1003 1981 1081 opt.
2033 994 2260 1060 Barth.
2310 998 2446 1061 sic.
2494 998 2648 1063 VII.
2683 1001 2813 1065 303

667 1094 1076 1185 (Oonjectan.
1110 1096 1288 1186 XV).
1351 1097 1578 1163 Ovidii
1607 1096 1767 1163 Her.
1802 1098 1995 1165 XIII.
2032 1102 2191 1166 137:
2224 1124 2439 1191 „quae
2472 1105 2589 1169 sic
2632 1102 2816 1173 lacri-

645 1224 848 1268 mosa
907 1224 1170 1270 suorum
1227 1204 1492 1269 Fuuera
1561 1206 2051 1293 conspiciunt,“
2120 1207 2233 1273 ubi
2300 1230 2471 1274 unus
2535 1210 2811 1276 Putean.

665 1308 1072 1397 praebet'si.
1167 1310 1592 1375 Martialis
1645 1311 1699 1375 I.
1760 1312 1881 1395 46,
1936 1313 2005 1376 1:
2054 1313 2160 1378 fac
2216 1314 2282 1379 si
2341 1316 2522 1380 facis,
2615 1316 2810 1383 Voss.

667 1415 841 1482 Gud.
905 1417 1052 1499 sio,
1113 1415 1288 1504 apud
1351 1438 1544 1505 quem
1591 1416 1872 1495 eundem
1919 1418 2007 1482 X.
2055 1420 2161 1503 21,
2210 1419 2279 1484 5:
2336 1420 2478 1486 Sic
2523 1430 2637 1487 tua
2682 1422 2814 1488 lau-

669 1522 906 1588 dentur
961 1542 1152 1606 sane,
1220 1544 1370 1587 mea
1429 1524 1746 1606 carmina,
1817 1522 2053 1608 Sexte,
2150 1525 2612 1593 Grammaticis
2676 1528 2811 1617 pla-

668 1636 906 1693 ceant
949 1638 1024 1693 ut
1071 1629 1210 1693 sine
1259 1630 1741 1713 grammaticis“
1775 1628 1900 1718 (sic
1942 1632 2115 1695 enim
2146 1653 2295 1697 eum
2328 1629 2545 1698 locum
2579 1634 2813 1700 descri-

667 1734 954 1799 bendum
1021 1740 1166 1799 esse
1248 1736 1316 1798 in
1411 1734 1661 1799 Cinnae
1762 1738 2244 1803 commentariis
2345 1738 2807 1829 obtinebimus)

667 1838 874 1905 Palat.
926 1841 1018 1922 si,
1068 1848 1140 1905 ut
1171 1840 1411 1905 Lucan.
1449 1841 1602 1906 VH.
1639 1841 1754 1905 24:
1790 1841 1927 1907 Sic
1969 1842 2241 1909 Romam
2270 1844 2535 1911 fortuna
2566 1845 2811 1911 dedit.“

671 1944 911 2014 Guelff.
961 1946 1040 2009 si.
1139 1944 1479 2013 Claudian.
1533 1938 1812 2035 Eutrop.
1861 1950 1936 2013 11.
1988 1948 2137 2015 535.
2186 1948 2348 2015 538:
2404 1950 2532 2019 Sic
2574 1974 2675 2015 me
2726 1990 2809 1999 ——

672 2053 790 2117 sic
842 2060 931 2117 te.
1021 2052 1180 2118 Jun.
1231 2052 1296 2116 si
1343 2072 1467 2116 me.
1561 2051 1779 2117 Oxou.
1837 2055 1905 2119 si
1961 2062 2047 2119 te.
2138 2056 2347 2120 Usum
2412 2060 2628 2122 autem
2676 2059 2815 2145 ejus

671 2160 852 2225 vocis
897 2167 1293 2225 monstrasse
1341 2160 1499 2224 satis
1560 2169 1659 2224 est
1706 2160 1899 2227 Statii
1954 2160 2066 2226 illo
2126 2161 2302 2245 loce,
2366 2186 2560 2251 quem
2623 2186 2819 2251 supra

673 2266 984 2348 diximus,
1045 2266 1134 2331 X.
1197 2266 1356 2331 366:
1419 2266 1499 2331 Si
1555 2274 1620 2331 te
1694 2269 2073 2354 tergeminis
2142 2268 2491 2355 perhibent
2557 2272 2818 2335 variare

672 2375 900 2461 figuris
935 2394 1034 2423 ·-—-
1079 2372 1200 2438 Ille
1248 2386 1430 2457 tuuS,
1487 2373 1736 2457 Diana,
1792 2397 1991 2462 puer,
2049 2398 2221 2440 nunc
2264 2376 2519 2464 respice
2566 2376 2818 2459 saltem,

675 2480 1096 2563 Quaeritur.“
1186 2478 1334 2545 val.
1382 2478 1601 2544 macc.
1650 2480 1733 2544 v.
1782 2480 1940 2546 642:
1986 2465 2269 2564 „tacitas
2315 2482 2473 2545 mihi
2518 2482 2703 2546 lucus
2755 2490 2821 2545 et

673 2609 880 2673 agger
955 2585 1187 2669 Quod
1255 2584 1438 2651 rudis
1485 2596 1552 2651 et
1599 2584 1738 2651 sola
1786 2586 2058 2652 colimur
2104 2590 2169 2651 si
2214 2587 2515 2673 gentibus
2547 2588 2822 2653 umbra“

675 2694 756 2757 cf.
831 2692 1015 2759 Cort.
1073 2692 1320 2757 Lucan.
1381 2690 1535 2757 Vlll.
1595 2690 1725 2757 549
1782 2715 1847 2779 p.
1907 2693 2058 2757 354.
2160 2692 2239 2759 O.
2296 2692 2522 2758 Arntz.
2587 2693 2819 2759 Caton.

673 2798 842 2863 Dist.
888 2798 944 2864 Ι.
997 2798 1030 2863 1
1081 2820 1142 2885 Ρ.
1196 2798 1238 2863 2
1283 2820 1374 2885 sq.
1431 2796 1538 2863 Jo.
1587 2796 1814 2863 Arntz.
1863 2798 2232 2864 Mamertin.
2284 2799 2468 2865 Grat.
2516 2799 2664 2865 Act.
2715 2801 2820 2883 26,

673 2904 716 2970 5
764 2926 830 2993 p.
883 2902 1035 2969 751..
1912 2906 1931 2917 '

1624 3140 1709 3220 V.
1754 3142 1874 3221 54.

855 3323 1019 3389 Vitii
1090 3322 1504 3388 manifestum
1573 3334 1675 3387 est
1739 3322 1915 3387 istud
1972 3321 2367 3389 Thracius
2422 3324 2820 3411 Orpheus

679 3429 881 3513 Quod
951 3438 1024 3494 ut
1091 3439 1270 3495 recte
1341 3430 1643 3517 positum.
1697 3438 1797 3492 est
1858 3427 1941 3493 ab
2005 3426 2247 3493 Ovidio
2304 3428 2466 3494 Met.
2532 3428 2655 3495 XI.
2704 3431 2823 3497 92:

675 3534 1069 3621 „Ruricolae
1141 3558 1372 3623 cepere
1451 3534 1819 3621 Phryges
1895 3534 2317 3622 vinctumque
2386 3522 2645 3601 coronis
2714 3534 2824 3600 Ad

677 3664 903 3729 regem
949 3650 1215 3705 traxere
1263 3639 1592 3723 Midam,
1642 3640 1747 3704 cui
1794 3638 2188 3706 Thracius
2222 3640 2585 3730 Orpheus
2618 3640 2827 3727 Orgia

680 3746 1065 3831 tradiderat,
1116 3768 1262 3811 cum
1313 3745 1418 3811 Oe
1439 3747 1724 3833 cropio
1771 3744 2142 3833 Eumolpo“
2190 3747 2272 3812 cf.
2304 3747 2489 3833 Virg.
2524 3746 2667 3811 Ecl.
2700 3747 2821 3812 1V.

677 3856 790 3922 552
839 3855 1033 3940 „Non
1064 3876 1166 3919 me
1201 3851 1595 3919 carminibus
1629 3854 1846 3919 vincat
1874 3876 1997 3918 nec
2030 3854 2425 3921 Thracius
2450 3852 2622 3941 Orp
2638 3853 2824 3917 heus

677 3964 817 4029 Nec
887 3962 1158 4027 Linus.“
1274 3958 1616 4024 Olaudian.
1686 3959 1881 4047 Nupt.
1954 3958 2126 4025 Hon.
2201 3960 2364 4025 234:
2435 3960 2825 4043 „Maeonius

680 4087 1104 4155 quaecunque
1176 4087 1379 4130 senex
1451 4074 1563 4129 aut
1632 4063 2032 4130 Thracius
2110 4064 2550 4152 Orpheusf‘
2614 4100 2619 4105 ·
2672 4066 2823 4132 Sen.

679 4174 857 4239 Med.
906 4171 1056 4237 358.
1148 4170 1454 4237 Politian.
1499 4171 1751 4237 Nutric.
1803 4194 1863 4258 p.
1914 4171 2043 4237 366
2058 4221 2075 4255 ,
2138 4172 2223 4237 ita
2272 4172 2397 4237 hoc
2441 4170 2586 4237 loco
2623 4182 2823 4237 'nemo

679 4278 787 4344 vel
831 4277 1067 4343 leviter
1113 4275 1481 4343 admonitus
1536 4276 1937 4344 dubitaverit
1984 4279 2140 4365 quin
2188 4277 2572 4344 sumendum
2619 4278 2823 4369 fuerit

680 4382 1065 4451 alterutrum
1097 4405 1342 4467 eorum,
1371 4405 1534 4473 quae
1566 4383 1707 4473 ipse
1734 4382 1979 4449 Statius
2010 4386 2249 4471 posuit,
2284 4386 2423 4451 sive
2454 4382 2598 4469 hoc,
2643 4382 2825 4473 ‚quod
