<?xml version="1.0" encoding="UTF-8"?>
<!DOCTYPE html PUBLIC "-//W3C//DTD XHTML 1.0 Transitional//EN"
    "http://www.w3.org/TR/xhtml1/DTD/xhtml1-transitional.dtd">
<html xmlns="http://www.w3.org/1999/xhtml" xml:lang="en" lang="en">
 <head>
  <title>
</title>
<meta http-equiv="Content-Type" content="text/html;charset=utf-8" />
  <meta name='ocr-system' content='tesseract 3.04.00' />
  <meta name='ocr-capabilities' content='ocr_page ocr_carea ocr_par ocr_line ocrx_word'/>
</head>
<body>
  <div class='ocr_page' id='page_1' title='image "./ppapiniistatiie00ungegoog_0172.png"; bbox 0 0 3234 4967; ppageno 0'>
   <div class='ocr_carea' id='block_1_1' title="bbox 648 405 1924 473">
    <p class='ocr_par' dir='ltr' id='par_1_1' title="bbox 648 405 1924 473">
     <span class='ocr_line' id='line_1_1' title="bbox 648 405 1924 473; baseline -0.002 -11"><span class='ocrx_word' id='word_1_1' title='bbox 648 413 747 462; x_wconf 82' lang='lat'><strong>164</strong></span> <span class='ocrx_word' id='word_1_2' title='bbox 1520 405 1814 473; x_wconf 85' lang='lat' dir='ltr'><strong>Conjeet.</strong></span> <span class='ocrx_word' id='word_1_3' title='bbox 1851 410 1924 460; x_wconf 88' lang='lat'><strong>11.</strong></span> 
     </span>
    </p>
   </div>
   <div class='ocr_carea' id='block_1_2' title="bbox 644 576 2798 3789">
    <p class='ocr_par' dir='ltr' id='par_1_2' title="bbox 644 576 2791 1393">
     <span class='ocr_line' id='line_1_2' title="bbox 647 576 2791 645; baseline -0 -14"><span class='ocrx_word' id='word_1_4' title='bbox 647 582 799 643; x_wconf 82' lang='lat' dir='ltr'><strong>Quod</strong></span> <span class='ocrx_word' id='word_1_5' title='bbox 839 581 973 631; x_wconf 86' lang='lat' dir='ltr'><strong>enirn</strong></span> <span class='ocrx_word' id='word_1_6' title='bbox 1010 586 1151 632; x_wconf 88' lang='lat' dir='ltr'><strong>certo</strong></span> <span class='ocrx_word' id='word_1_7' title='bbox 1189 576 1545 645; x_wconf 61' lang='lat' dir='ltr'><strong>consiliqhue</strong></span> <span class='ocrx_word' id='word_1_8' title='bbox 1584 580 1846 631; x_wconf 80' lang='lat' dir='ltr'><strong>transferri</strong></span> <span class='ocrx_word' id='word_1_9' title='bbox 1883 592 2032 645; x_wconf 84' lang='lat' dir='ltr'><strong>posse</strong></span> <span class='ocrx_word' id='word_1_10' title='bbox 2067 580 2328 640; x_wconf 86' lang='lat' dir='ltr'><strong>videatur,</strong></span> <span class='ocrx_word' id='word_1_11' title='bbox 2368 582 2664 645; x_wconf 83' lang='lat' dir='ltr'><strong>suppeditat</strong></span> <span class='ocrx_word' id='word_1_12' title='bbox 2697 580 2791 632; x_wconf 92' lang='lat' dir='ltr'><strong>Se-</strong></span> 
     </span>
     <span class='ocr_line' id='line_1_3' title="bbox 647 660 2790 730; baseline -0.001 -14"><span class='ocrx_word' id='word_1_13' title='bbox 647 681 789 729; x_wconf 83' lang='lat' dir='ltr'><strong>neca,</strong></span> <span class='ocrx_word' id='word_1_14' title='bbox 830 667 913 730; x_wconf 90' lang='lat' dir='ltr'><strong>qui</strong></span> <span class='ocrx_word' id='word_1_15' title='bbox 954 667 1181 716; x_wconf 77' lang='lat' dir='ltr'><strong>diversae</strong></span> <span class='ocrx_word' id='word_1_16' title='bbox 1218 680 1455 716; x_wconf 81' lang='lat' dir='ltr'><strong>assensus</strong></span> <span class='ocrx_word' id='word_1_17' title='bbox 1491 666 1657 715; x_wconf 85' lang='lat' dir='ltr'><strong>famae</strong></span> <span class='ocrx_word' id='word_1_18' title='bbox 1693 665 1855 730; x_wconf 86' lang='lat' dir='ltr'><strong>ipsum</strong></span> <span class='ocrx_word' id='word_1_19' title='bbox 1894 664 2019 714; x_wconf 89' lang='lat' dir='ltr'><strong>illud</strong></span> <span class='ocrx_word' id='word_1_20' title='bbox 2054 666 2382 729; x_wconf 88' lang='lat' dir='ltr'><strong>parricidium</strong></span> <span class='ocrx_word' id='word_1_21' title='bbox 2419 666 2472 713; x_wconf 91' lang='lat' dir='ltr'><strong>in</strong></span> <span class='ocrx_word' id='word_1_22' title='bbox 2497 660 2664 729; x_wconf 85' lang='lat' dir='ltr'><strong>Libya</strong></span> <span class='ocrx_word' id='word_1_23' title='bbox 2701 680 2790 714; x_wconf 84' lang='lat' dir='ltr'><strong>ex-</strong></span> 
     </span>
     <span class='ocr_line' id='line_1_4' title="bbox 644 750 2789 816; baseline 0.001 -16"><span class='ocrx_word' id='word_1_24' title='bbox 644 751 837 815; x_wconf 87' lang='lat' dir='ltr'><strong>piatum</strong></span> <span class='ocrx_word' id='word_1_25' title='bbox 877 752 1048 801; x_wconf 83' lang='lat' dir='ltr'><strong>scribit</strong></span> <span class='ocrx_word' id='word_1_26' title='bbox 1085 750 1236 800; x_wconf 85' lang='lat' dir='ltr'><strong>Herc.</strong></span> <span class='ocrx_word' id='word_1_27' title='bbox 1275 750 1390 801; x_wconf 90' lang='lat' dir='ltr'><strong>Oet.</strong></span> <span class='ocrx_word' id='word_1_28' title='bbox 1429 752 1549 801; x_wconf 85' lang='lat'>906:</span> <span class='ocrx_word' id='word_1_29' title='bbox 1600 751 1708 800; x_wconf 90' lang='lat' dir='ltr'><strong>Ter</strong></span> <span class='ocrx_word' id='word_1_30' title='bbox 1743 751 1996 816; x_wconf 87' lang='lat' dir='ltr'><strong>parricida</strong></span> <span class='ocrx_word' id='word_1_31' title='bbox 2033 751 2196 799; x_wconf 86' lang='lat' dir='ltr'><strong>sactus</strong></span> <span class='ocrx_word' id='word_1_32' title='bbox 2230 750 2427 814; x_wconf 81' lang='lat' dir='ltr'><strong>ignovit</strong></span> <span class='ocrx_word' id='word_1_33' title='bbox 2463 756 2634 800; x_wconf 90' lang='lat' dir='ltr'><strong>tamen</strong></span> <span class='ocrx_word' id='word_1_34' title='bbox 2683 750 2789 803; x_wconf 86' lang='lat' dir='ltr'><strong>sibi.</strong></span> 
     </span>
     <span class='ocr_line' id='line_1_5' title="bbox 645 826 2790 900; baseline -0.001 -15"><span class='ocrx_word' id='word_1_35' title='bbox 645 826 773 885; x_wconf 84' lang='lat' dir='ltr'><strong>Nam</strong></span> <span class='ocrx_word' id='word_1_36' title='bbox 810 834 999 886; x_wconf 82' lang='lat' dir='ltr'><strong>furoris</strong></span> <span class='ocrx_word' id='word_1_37' title='bbox 1034 836 1174 885; x_wconf 79' lang='lat' dir='ltr'><strong>sonte</strong></span> <span class='ocrx_word' id='word_1_38' title='bbox 1200 834 1453 900; x_wconf 88' lang='lat' dir='ltr'><strong>Cinyphio</strong></span> <span class='ocrx_word' id='word_1_39' title='bbox 1493 836 1712 885; x_wconf 88' lang='lat' dir='ltr'><strong>scelus</strong></span> <span class='ocrx_word' id='word_1_40' title='bbox 1737 834 1842 885; x_wconf 87' lang='lat' dir='ltr'><strong>Sub</strong></span> <span class='ocrx_word' id='word_1_41' title='bbox 1881 850 1980 884; x_wconf 84' lang='lat' dir='ltr'><strong>axe</strong></span> <span class='ocrx_word' id='word_1_42' title='bbox 2006 834 2201 900; x_wconf 86' lang='lat' dir='ltr'><strong>Libyco</strong></span> <span class='ocrx_word' id='word_1_43' title='bbox 2238 836 2432 883; x_wconf 87' lang='lat' dir='ltr'><strong>tersit</strong></span> <span class='ocrx_word' id='word_1_44' title='bbox 2467 842 2518 883; x_wconf 89' lang='lat' dir='ltr'><strong>et</strong></span> <span class='ocrx_word' id='word_1_45' title='bbox 2553 836 2790 884; x_wconf 80' lang='lat' dir='ltr'><strong>dextram</strong></span> 
     </span>
     <span class='ocr_line' id='line_1_6' title="bbox 646 918 2791 983; baseline -0 -14"><span class='ocrx_word' id='word_1_46' title='bbox 646 919 859 970; x_wconf 86' lang='lat' dir='ltr'><strong>abluit.“</strong></span> <span class='ocrx_word' id='word_1_47' title='bbox 930 919 1127 979; x_wconf 82' lang='lat' dir='ltr'><strong>Quibus</strong></span> <span class='ocrx_word' id='word_1_48' title='bbox 1164 920 1343 969; x_wconf 80' lang='lat' dir='ltr'><strong>similia</strong></span> <span class='ocrx_word' id='word_1_49' title='bbox 1380 921 1533 969; x_wconf 83' lang='lat' dir='ltr'><strong>verba</strong></span> <span class='ocrx_word' id='word_1_50' title='bbox 1567 920 1788 983; x_wconf 87' lang='lat' dir='ltr'><strong>legimus</strong></span> <span class='ocrx_word' id='word_1_51' title='bbox 1827 918 2100 969; x_wconf 84' lang='lat' dir='ltr'><strong>Claudiani</strong></span> <span class='ocrx_word' id='word_1_52' title='bbox 2137 919 2222 969; x_wconf 89' lang='lat' dir='ltr'><strong>Pr.</strong></span> <span class='ocrx_word' id='word_1_53' title='bbox 2250 918 2404 969; x_wconf 85' lang='lat' dir='ltr'><strong>Cous.</strong></span> <span class='ocrx_word' id='word_1_54' title='bbox 2446 920 2556 970; x_wconf 89' lang='lat' dir='ltr'><strong>Stil.</strong></span> <span class='ocrx_word' id='word_1_55' title='bbox 2578 919 2644 972; x_wconf 88' lang='lat'><strong>11.</strong></span> <span class='ocrx_word' id='word_1_56' title='bbox 2667 921 2791 969; x_wconf 88' lang='lat'>308:</span> 
     </span>
     <span class='ocr_line' id='line_1_7' title="bbox 647 1004 2790 1070; baseline 0 -17"><span class='ocrx_word' id='word_1_57' title='bbox 647 1005 931 1070; x_wconf 83' lang='lat' dir='ltr'><strong>„propriam</strong></span> <span class='ocrx_word' id='word_1_58' title='bbox 967 1004 1172 1054; x_wconf 90' lang='lat' dir='ltr'><strong>labem</strong></span> <span class='ocrx_word' id='word_1_59' title='bbox 1213 1006 1485 1055; x_wconf 80' lang='lat' dir='ltr'><strong>tersisse</strong></span> <span class='ocrx_word' id='word_1_60' title='bbox 1523 1005 1801 1064; x_wconf 86' lang='lat' dir='ltr'><strong>laborent‚“</strong></span> <span class='ocrx_word' id='word_1_61' title='bbox 1839 1006 2079 1065; x_wconf 87' lang='lat' dir='ltr'><strong>aliorum,</strong></span> <span class='ocrx_word' id='word_1_62' title='bbox 2117 1020 2254 1069; x_wconf 60' lang='lat' dir='ltr'><strong>quosr</strong></span> <span class='ocrx_word' id='word_1_63' title='bbox 2281 1004 2595 1069; x_wconf 73' lang='lat' dir='ltr'><strong>comparavit</strong></span> <span class='ocrx_word' id='word_1_64' title='bbox 2628 1004 2790 1053; x_wconf 88' lang='lat' dir='ltr'><strong>Hein-</strong></span> 
     </span>
     <span class='ocr_line' id='line_1_8' title="bbox 645 1088 2790 1154; baseline 0.001 -17"><span class='ocrx_word' id='word_1_65' title='bbox 645 1089 749 1139; x_wconf 86' lang='lat' dir='ltr'><strong>sius</strong></span> <span class='ocrx_word' id='word_1_66' title='bbox 785 1088 921 1140; x_wconf 85' lang='lat' dir='ltr'><strong>Adv.</strong></span> <span class='ocrx_word' id='word_1_67' title='bbox 961 1088 1058 1138; x_wconf 92' lang='lat'><strong>111.</strong></span> <span class='ocrx_word' id='word_1_68' title='bbox 1095 1091 1129 1139; x_wconf 89' lang='lat'>4</span> <span class='ocrx_word' id='word_1_69' title='bbox 1165 1106 1211 1154; x_wconf 91' lang='lat' dir='ltr'><strong>p.</strong></span> <span class='ocrx_word' id='word_1_70' title='bbox 1231 1091 1329 1139; x_wconf 88' lang='lat'><strong>431</strong></span> <span class='ocrx_word' id='word_1_71' title='bbox 1352 1105 1427 1154; x_wconf 87' lang='lat' dir='ltr'><strong>sq.</strong></span> <span class='ocrx_word' id='word_1_72' title='bbox 1499 1091 1680 1153; x_wconf 85' lang='lat' dir='ltr'><strong>Itaque</strong></span> <span class='ocrx_word' id='word_1_73' title='bbox 1733 1091 1830 1138; x_wconf 90' lang='lat' dir='ltr'><strong>hoc</strong></span> <span class='ocrx_word' id='word_1_74' title='bbox 1885 1104 1960 1139; x_wconf 70' lang='lat' dir='ltr'><strong>est</strong></span> <span class='ocrx_word' id='word_1_75' title='bbox 1999 1090 2246 1154; x_wconf 86' lang='lat' dir='ltr'><strong>judicium</strong></span> <span class='ocrx_word' id='word_1_76' title='bbox 2305 1097 2532 1139; x_wconf 85' lang='lat' dir='ltr'><strong>nostrum</strong></span> <span class='ocrx_word' id='word_1_77' title='bbox 2589 1105 2790 1139; x_wconf 83' lang='lat' dir='ltr'><strong>versum</strong></span> 
     </span>
     <span class='ocr_line' id='line_1_9' title="bbox 646 1170 1427 1237; baseline 0.003 -16"><span class='ocrx_word' id='word_1_78' title='bbox 646 1172 712 1222; x_wconf 83' lang='lat' dir='ltr'><strong>ab</strong></span> <span class='ocrx_word' id='word_1_79' title='bbox 748 1172 860 1237; x_wconf 86' lang='lat' dir='ltr'><strong>ipso</strong></span> <span class='ocrx_word' id='word_1_80' title='bbox 900 1170 1064 1223; x_wconf 80' lang='lat' dir='ltr'><strong>Statio</strong></span> <span class='ocrx_word' id='word_1_81' title='bbox 1100 1175 1173 1223; x_wconf 85' lang='lat' dir='ltr'><strong>sic</strong></span> <span class='ocrx_word' id='word_1_82' title='bbox 1209 1174 1427 1224; x_wconf 80' lang='lat' dir='ltr'><strong>sactum:</strong></span> 
     </span>
     <span class='ocr_line' id='line_1_10' title="bbox 1464 1257 1986 1308; baseline -0.002 0"><span class='ocrx_word' id='word_1_83' title='bbox 1464 1267 1513 1308; x_wconf 91' lang='lat' dir='ltr'><strong>et</strong></span> <span class='ocrx_word' id='word_1_84' title='bbox 1547 1258 1702 1308; x_wconf 84' lang='lat' dir='ltr'><strong>funus</strong></span> <span class='ocrx_word' id='word_1_85' title='bbox 1741 1257 1986 1308; x_wconf 78' lang='lat' dir='ltr'><strong>Onitae</strong></span> 
     </span>
     <span class='ocr_line' id='line_1_11' title="bbox 1127 1342 1350 1393; baseline 0.009 -2"><span class='ocrx_word' id='word_1_86' title='bbox 1127 1342 1350 1393; x_wconf 87' lang='lat' dir='ltr'><strong>Tersit</strong></span> 
     </span>
    </p>

    <p class='ocr_par' dir='ltr' id='par_1_3' title="bbox 644 1426 2797 2257">
     <span class='ocr_line' id='line_1_12' title="bbox 647 1426 2776 1493; baseline 0 -16"><span class='ocrx_word' id='word_1_87' title='bbox 647 1428 863 1477; x_wconf 85' lang='lat' dir='ltr'><strong>eandem</strong></span> <span class='ocrx_word' id='word_1_88' title='bbox 912 1427 1081 1477; x_wconf 88' lang='lat' dir='ltr'><strong>labem</strong></span> <span class='ocrx_word' id='word_1_89' title='bbox 1136 1428 1354 1478; x_wconf 83' lang='lat' dir='ltr'><strong>traxisse</strong></span> <span class='ocrx_word' id='word_1_90' title='bbox 1394 1436 1546 1492; x_wconf 87' lang='lat' dir='ltr'><strong>atque</strong></span> <span class='ocrx_word' id='word_1_91' title='bbox 1590 1426 1862 1478; x_wconf 83' lang='lat' dir='ltr'><strong>Claudiani</strong></span> <span class='ocrx_word' id='word_1_92' title='bbox 1903 1443 2052 1493; x_wconf 91' lang='lat' dir='ltr'><strong>quem</strong></span> <span class='ocrx_word' id='word_1_93' title='bbox 2090 1429 2242 1479; x_wconf 90' lang='lat' dir='ltr'><strong>modo</strong></span> <span class='ocrx_word' id='word_1_94' title='bbox 2280 1429 2547 1478; x_wconf 77' lang='lat' dir='ltr'><strong>attulimus</strong></span> <span class='ocrx_word' id='word_1_95' title='bbox 2583 1428 2776 1479; x_wconf 89' lang='lat' dir='ltr'><strong>locum:</strong></span> 
     </span>
     <span class='ocr_line' id='line_1_13' title="bbox 645 1512 2788 1576; baseline 0.001 -15"><span class='ocrx_word' id='word_1_96' title='bbox 645 1512 965 1561; x_wconf 87' lang='lat' dir='ltr'><strong>tersisse“</strong></span> <span class='ocrx_word' id='word_1_97' title='bbox 1011 1513 1063 1561; x_wconf 87' lang='lat' dir='ltr'><strong>in</strong></span> <span class='ocrx_word' id='word_1_98' title='bbox 1111 1512 1250 1563; x_wconf 87' lang='lat' dir='ltr'><strong>Vatt.</strong></span> <span class='ocrx_word' id='word_1_99' title='bbox 1300 1513 1433 1563; x_wconf 86' lang='lat' dir='ltr'><strong>Prie.</strong></span> <span class='ocrx_word' id='word_1_100' title='bbox 1486 1516 1624 1565; x_wconf 82' lang='lat' dir='ltr'><strong>Rott.</strong></span> <span class='ocrx_word' id='word_1_101' title='bbox 1675 1514 1863 1563; x_wconf 84' lang='lat' dir='ltr'><strong>Medic.</strong></span> <span class='ocrx_word' id='word_1_102' title='bbox 1921 1513 2136 1576; x_wconf 85' lang='lat' dir='ltr'><strong>aliisque</strong></span> <span class='ocrx_word' id='word_1_103' title='bbox 2191 1512 2366 1563; x_wconf 88' lang='lat' dir='ltr'><strong>multis</strong></span> <span class='ocrx_word' id='word_1_104' title='bbox 2431 1514 2680 1563; x_wconf 85' lang='lat' dir='ltr'><strong>texisse</strong></span> <span class='ocrx_word' id='word_1_105' title='bbox 2736 1518 2788 1562; x_wconf 86' lang='lat' dir='ltr'><strong>et</strong></span> 
     </span>
     <span class='ocr_line' id='line_1_14' title="bbox 644 1594 2793 1662; baseline 0.002 -19"><span class='ocrx_word' id='word_1_106' title='bbox 644 1594 896 1646; x_wconf 79' lang='lat' dir='ltr'><strong>Martialis</strong></span> <span class='ocrx_word' id='word_1_107' title='bbox 936 1597 1030 1647; x_wconf 86' lang='lat' dir='ltr'><strong>VI.</strong></span> <span class='ocrx_word' id='word_1_108' title='bbox 1072 1599 1115 1658; x_wconf 89' lang='grc'><strong>1,</strong></span> <span class='ocrx_word' id='word_1_109' title='bbox 1154 1598 1211 1648; x_wconf 84' lang='lat'><strong>3:</strong></span> <span class='ocrx_word' id='word_1_110' title='bbox 1270 1596 1431 1657; x_wconf 85' lang='lat' dir='ltr'><strong>Quem</strong></span> <span class='ocrx_word' id='word_1_111' title='bbox 1482 1594 1764 1662; x_wconf 87' lang='lat' dir='ltr'><strong>(libellum)</strong></span> <span class='ocrx_word' id='word_1_112' title='bbox 1817 1597 1859 1646; x_wconf 88' lang='lat' dir='ltr'><strong>si</strong></span> <span class='ocrx_word' id='word_1_113' title='bbox 1914 1597 2180 1647; x_wconf 86' lang='lat' dir='ltr'><strong>terseris</strong></span> <span class='ocrx_word' id='word_1_114' title='bbox 2233 1612 2355 1647; x_wconf 87' lang='lat' dir='ltr'><strong>aure</strong></span> <span class='ocrx_word' id='word_1_115' title='bbox 2410 1598 2641 1661; x_wconf 85' lang='lat' dir='ltr'><strong>diligenti</strong></span> <span class='ocrx_word' id='word_1_116' title='bbox 2655 1597 2684 1623; x_wconf 92' lang='lat'><strong>“</strong></span> <span class='ocrx_word' id='word_1_117' title='bbox 2737 1598 2793 1647; x_wconf 86' lang='lat' dir='ltr'><strong>in</strong></span> 
     </span>
     <span class='ocr_line' id='line_1_15' title="bbox 646 1678 2793 1747; baseline 0.001 -19"><span class='ocrx_word' id='word_1_118' title='bbox 646 1678 903 1731; x_wconf 85' lang='lat' dir='ltr'><strong>Vossiano</strong></span> <span class='ocrx_word' id='word_1_119' title='bbox 942 1683 1194 1732; x_wconf 83' lang='lat' dir='ltr'><strong>texeris</strong></span> <span class='ocrx_word' id='word_1_120' title='bbox 1234 1679 1320 1746; x_wconf 81' lang='lat' dir='ltr'><strong>(cf.</strong></span> <span class='ocrx_word' id='word_1_121' title='bbox 1344 1682 1439 1732; x_wconf 89' lang='lat' dir='ltr'><strong>XI.</strong></span> <span class='ocrx_word' id='word_1_122' title='bbox 1468 1684 1514 1745; x_wconf 87' lang='grc'><strong>3,</strong></span> <span class='ocrx_word' id='word_1_123' title='bbox 1540 1685 1575 1733; x_wconf 83' lang='grc'><strong>4</strong></span> <span class='ocrx_word' id='word_1_124' title='bbox 1611 1684 1808 1735; x_wconf 83' lang='lat' dir='ltr'><strong>teritur.</strong></span> <span class='ocrx_word' id='word_1_125' title='bbox 1854 1682 1915 1732; x_wconf 77' lang='lat' dir='ltr'><strong>al.</strong></span> <span class='ocrx_word' id='word_1_126' title='bbox 1956 1683 2182 1745; x_wconf 86' lang='lat' dir='ltr'><strong>tegitur.</strong></span> <span class='ocrx_word' id='word_1_127' title='bbox 2219 1681 2482 1746; x_wconf 82' lang='lat' dir='ltr'><strong>tergitur)</strong></span> <span class='ocrx_word' id='word_1_128' title='bbox 2518 1681 2793 1747; x_wconf 81' lang='lat' dir='ltr'><strong>Plautique</strong></span> 
     </span>
     <span class='ocr_line' id='line_1_16' title="bbox 652 1758 2794 1832; baseline 0.002 -19"><span class='ocrx_word' id='word_1_129' title='bbox 652 1772 705 1813; x_wconf 89' lang='lat' dir='ltr'><strong>et</strong></span> <span class='ocrx_word' id='word_1_130' title='bbox 740 1763 886 1815; x_wconf 85' lang='lat' dir='ltr'><strong>Statii</strong></span> <span class='ocrx_word' id='word_1_131' title='bbox 925 1781 987 1816; x_wconf 82' lang='lat' dir='ltr'><strong>ac</strong></span> <span class='ocrx_word' id='word_1_132' title='bbox 1013 1766 1304 1832; x_wconf 84' lang='lat' dir='ltr'><strong>Symmachi</strong></span> <span class='ocrx_word' id='word_1_133' title='bbox 1342 1767 1498 1828; x_wconf 87' lang='lat' dir='ltr'><strong>locos,</strong></span> <span class='ocrx_word' id='word_1_134' title='bbox 1534 1769 1589 1816; x_wconf 90' lang='lat' dir='ltr'><strong>in</strong></span> <span class='ocrx_word' id='word_1_135' title='bbox 1623 1758 1802 1831; x_wconf 83' lang='lat' dir='ltr'><strong>quibus</strong></span> <span class='ocrx_word' id='word_1_136' title='bbox 1828 1782 1922 1832; x_wconf 90' lang='lat' dir='ltr'><strong>pro</strong></span> <span class='ocrx_word' id='word_1_137' title='bbox 1959 1768 2281 1828; x_wconf 87' lang='lat' dir='ltr'><strong>detersus,</strong></span> <span class='ocrx_word' id='word_1_138' title='bbox 2319 1768 2686 1830; x_wconf 85' lang='lat' dir='ltr'><strong>detergetur</strong></span> <span class='ocrx_word' id='word_1_139' title='bbox 2719 1768 2794 1817; x_wconf 89' lang='lat' dir='ltr'><strong>iu-</strong></span> 
     </span>
     <span class='ocr_line' id='line_1_17' title="bbox 646 1847 2794 1917; baseline 0.002 -20"><span class='ocrx_word' id='word_1_140' title='bbox 646 1850 808 1899; x_wconf 84' lang='lat' dir='ltr'><strong>veniri</strong></span> <span class='ocrx_word' id='word_1_141' title='bbox 845 1852 1161 1910; x_wconf 87' lang='lat' dir='ltr'><strong>detectus,</strong></span> <span class='ocrx_word' id='word_1_142' title='bbox 1202 1853 1539 1915; x_wconf 87' lang='lat' dir='ltr'><strong>detegetur</strong></span> <span class='ocrx_word' id='word_1_143' title='bbox 1586 1853 1807 1903; x_wconf 79' lang='lat' dir='ltr'><strong>obtinuit</strong></span> <span class='ocrx_word' id='word_1_144' title='bbox 1841 1847 2084 1901; x_wconf 85' lang='lat' dir='ltr'><strong>Heinsius</strong></span> <span class='ocrx_word' id='word_1_145' title='bbox 2120 1852 2155 1901; x_wconf 92' lang='lat' dir='ltr'><strong>l.</strong></span> <span class='ocrx_word' id='word_1_146' title='bbox 2195 1852 2244 1901; x_wconf 89' lang='lat' dir='ltr'><strong>d.</strong></span> <span class='ocrx_word' id='word_1_147' title='bbox 2282 1868 2333 1917; x_wconf 88' lang='lat' dir='ltr'><strong>p.</strong></span> <span class='ocrx_word' id='word_1_148' title='bbox 2370 1853 2488 1903; x_wconf 86' lang='lat'><strong>431.</strong></span> <span class='ocrx_word' id='word_1_149' title='bbox 2526 1854 2626 1902; x_wconf 84' lang='lat'><strong>432</strong></span> <span class='ocrx_word' id='word_1_150' title='bbox 2675 1853 2794 1902; x_wconf 88' lang='lat' dir='ltr'><strong>add.</strong></span> 
     </span>
     <span class='ocr_line' id='line_1_18' title="bbox 646 1930 2797 2000; baseline 0.003 -18"><span class='ocrx_word' id='word_1_151' title='bbox 646 1930 915 1986; x_wconf 78' lang='lat' dir='ltr'><strong>claudian.</strong></span> <span class='ocrx_word' id='word_1_152' title='bbox 954 1936 1014 1986; x_wconf 84' lang='lat' dir='ltr'><strong>R.</strong></span> <span class='ocrx_word' id='word_1_153' title='bbox 1053 1936 1194 1989; x_wconf 85' lang='lat' dir='ltr'><strong>Pros.</strong></span> <span class='ocrx_word' id='word_1_154' title='bbox 1233 1938 1302 1986; x_wconf 90' lang='lat'><strong>11.</strong></span> <span class='ocrx_word' id='word_1_155' title='bbox 1339 1939 1466 1987; x_wconf 80' lang='lat'><strong>275:</strong></span> <span class='ocrx_word' id='word_1_156' title='bbox 1520 1934 1760 1987; x_wconf 83' lang='lat' dir='ltr'><strong>lacrimas</strong></span> <span class='ocrx_word' id='word_1_157' title='bbox 1797 1937 2102 2000; x_wconf 84' lang='lat' dir='ltr'><strong>detergit.</strong></span> <span class='ocrx_word' id='word_1_158' title='bbox 2157 1937 2294 1987; x_wconf 90' lang='lat' dir='ltr'><strong>Med.</strong></span> <span class='ocrx_word' id='word_1_159' title='bbox 2350 1938 2634 1987; x_wconf 86' lang='lat' dir='ltr'><strong>deterxit.</strong></span> <span class='ocrx_word' id='word_1_160' title='bbox 2671 1937 2797 1991; x_wconf 82' lang='lat' dir='ltr'><strong>Ald.</strong></span> 
     </span>
     <span class='ocr_line' id='line_1_19' title="bbox 648 2019 2794 2087; baseline 0.001 -19"><span class='ocrx_word' id='word_1_161' title='bbox 648 2021 904 2069; x_wconf 88' lang='lat' dir='ltr'><strong>detexit.</strong></span> <span class='ocrx_word' id='word_1_162' title='bbox 950 2020 1160 2081; x_wconf 82' lang='lat' dir='ltr'><strong>Quintil.</strong></span> <span class='ocrx_word' id='word_1_163' title='bbox 1199 2022 1344 2071; x_wconf 87' lang='lat' dir='ltr'><strong>Decl.</strong></span> <span class='ocrx_word' id='word_1_164' title='bbox 1380 2022 1590 2072; x_wconf 84' lang='lat' dir='ltr'>XVIII.</span> <span class='ocrx_word' id='word_1_165' title='bbox 1631 2024 1662 2071; x_wconf 87' lang='lat'><strong>3</strong></span> <span class='ocrx_word' id='word_1_166' title='bbox 1699 2039 1747 2087; x_wconf 88' lang='lat' dir='ltr'><strong>p.</strong></span> <span class='ocrx_word' id='word_1_167' title='bbox 1788 2022 1913 2073; x_wconf 81' lang='lat'>352:</span> <span class='ocrx_word' id='word_1_168' title='bbox 1960 2019 2136 2086; x_wconf 74' lang='lat' dir='ltr'><strong>stupra</strong></span> <span class='ocrx_word' id='word_1_169' title='bbox 2173 2048 2233 2057; x_wconf 89' lang='lat'>—</span> <span class='ocrx_word' id='word_1_170' title='bbox 2275 2023 2578 2085; x_wconf 86' lang='lat' dir='ltr'><strong>detegeret.</strong></span> <span class='ocrx_word' id='word_1_171' title='bbox 2650 2022 2794 2071; x_wconf 88' lang='lat' dir='ltr'><strong>Leid.</strong></span> 
     </span>
     <span class='ocr_line' id='line_1_20' title="bbox 650 2105 2794 2171; baseline 0 -16"><span class='ocrx_word' id='word_1_172' title='bbox 650 2120 750 2158; x_wconf 85' lang='lat' dir='ltr'><strong>sec.</strong></span> <span class='ocrx_word' id='word_1_173' title='bbox 791 2106 1113 2169; x_wconf 80' lang='lat' dir='ltr'><strong>detergeret.</strong></span> <span class='ocrx_word' id='word_1_174' title='bbox 1150 2105 1192 2154; x_wconf 93' lang='grc' dir='ltr'><strong>Ι.</strong></span> <span class='ocrx_word' id='word_1_175' title='bbox 1235 2109 1296 2156; x_wconf 89' lang='grc'><strong>11</strong></span> <span class='ocrx_word' id='word_1_176' title='bbox 1334 2124 1380 2171; x_wconf 92' lang='lat' dir='ltr'><strong>p.</strong></span> <span class='ocrx_word' id='word_1_177' title='bbox 1422 2110 1510 2157; x_wconf 87' lang='lat'><strong>30:</strong></span> <span class='ocrx_word' id='word_1_178' title='bbox 1548 2109 1811 2157; x_wconf 85' lang='lat' dir='ltr'><strong>dexteram</strong></span> <span class='ocrx_word' id='word_1_179' title='bbox 1851 2134 1911 2142; x_wconf 97' lang='lat'><strong>—</strong></span> <span class='ocrx_word' id='word_1_180' title='bbox 1951 2115 2092 2156; x_wconf 82' lang='lat' dir='ltr'><strong>veste</strong></span> <span class='ocrx_word' id='word_1_181' title='bbox 2128 2114 2388 2170; x_wconf 84' lang='lat' dir='ltr'><strong>tergere.</strong></span> <span class='ocrx_word' id='word_1_182' title='bbox 2427 2107 2603 2156; x_wconf 90' lang='lat' dir='ltr'><strong>Leidd.</strong></span> <span class='ocrx_word' id='word_1_183' title='bbox 2643 2106 2794 2157; x_wconf 87' lang='lat' dir='ltr'><strong>Colb.</strong></span> 
     </span>
     <span class='ocr_line' id='line_1_21' title="bbox 648 2188 2794 2257; baseline 0 -19"><span class='ocrx_word' id='word_1_184' title='bbox 648 2197 859 2255; x_wconf 83' lang='lat' dir='ltr'><strong>tegere.</strong></span> <span class='ocrx_word' id='word_1_185' title='bbox 909 2190 1063 2255; x_wconf 89' lang='lat' dir='ltr'><strong>Apul.</strong></span> <span class='ocrx_word' id='word_1_186' title='bbox 1086 2191 1211 2242; x_wconf 88' lang='lat' dir='ltr'><strong>Met.</strong></span> <span class='ocrx_word' id='word_1_187' title='bbox 1234 2192 1325 2248; x_wconf 80' lang='lat' dir='ltr'><strong>IV,</strong></span> <span class='ocrx_word' id='word_1_188' title='bbox 1347 2209 1394 2257; x_wconf 88' lang='lat' dir='ltr'><strong>p.</strong></span> <span class='ocrx_word' id='word_1_189' title='bbox 1418 2195 1541 2243; x_wconf 87' lang='lat'>313:</span> <span class='ocrx_word' id='word_1_190' title='bbox 1581 2196 1865 2257; x_wconf 84' lang='lat' dir='ltr'><strong>deterget</strong></span> <span class='ocrx_word' id='word_1_191' title='bbox 1890 2188 2138 2243; x_wconf 81' lang='lat' dir='ltr'><strong>lacrimas,</strong></span> <span class='ocrx_word' id='word_1_192' title='bbox 2165 2192 2298 2241; x_wconf 86' lang='lat' dir='ltr'><strong>Pith.</strong></span> <span class='ocrx_word' id='word_1_193' title='bbox 2329 2193 2482 2243; x_wconf 87' lang='lat' dir='ltr'><strong>Dorv.</strong></span> <span class='ocrx_word' id='word_1_194' title='bbox 2523 2194 2794 2255; x_wconf 87' lang='lat' dir='ltr'><strong>deteget.</strong></span> 
     </span>
    </p>

    <p class='ocr_par' dir='ltr' id='par_1_4' title="bbox 646 2275 2798 3789">
     <span class='ocr_line' id='line_1_22' title="bbox 787 2275 2795 2339; baseline 0 -15"><span class='ocrx_word' id='word_1_195' title='bbox 787 2275 886 2325; x_wconf 87' lang='lat' dir='ltr'><strong>Hic</strong></span> <span class='ocrx_word' id='word_1_196' title='bbox 922 2291 1043 2325; x_wconf 79' lang='lat' dir='ltr'><strong>vero</strong></span> <span class='ocrx_word' id='word_1_197' title='bbox 1080 2278 1364 2326; x_wconf 87' lang='lat' dir='ltr'><strong>sententiae</strong></span> <span class='ocrx_word' id='word_1_198' title='bbox 1404 2278 1730 2328; x_wconf 88' lang='lat' dir='ltr'><strong>similitudine</strong></span> <span class='ocrx_word' id='word_1_199' title='bbox 1767 2280 2044 2327; x_wconf 90' lang='lat' dir='ltr'><strong>admoneor</strong></span> <span class='ocrx_word' id='word_1_200' title='bbox 2081 2278 2144 2325; x_wconf 87' lang='lat' dir='ltr'><strong>dc</strong></span> <span class='ocrx_word' id='word_1_201' title='bbox 2180 2277 2353 2339; x_wconf 84' lang='lat' dir='ltr'><strong>glossa</strong></span> <span class='ocrx_word' id='word_1_202' title='bbox 2386 2276 2657 2327; x_wconf 87' lang='lat' dir='ltr'><strong>Claudiani</strong></span> <span class='ocrx_word' id='word_1_203' title='bbox 2684 2292 2795 2326; x_wconf 86' lang='lat' dir='ltr'><strong>ver-</strong></span> 
     </span>
     <span class='ocr_line' id='line_1_23' title="bbox 646 2358 2795 2423; baseline 0 -14"><span class='ocrx_word' id='word_1_204' title='bbox 646 2359 722 2409; x_wconf 87' lang='lat' dir='ltr'><strong>sui</strong></span> <span class='ocrx_word' id='word_1_205' title='bbox 749 2360 891 2413; x_wconf 79' lang='lat' dir='ltr'><strong>Eutr,</strong></span> <span class='ocrx_word' id='word_1_206' title='bbox 916 2359 984 2410; x_wconf 91' lang='lat'><strong>11.</strong></span> <span class='ocrx_word' id='word_1_207' title='bbox 1006 2363 1098 2411; x_wconf 82' lang='lat'><strong>22:</strong></span> <span class='ocrx_word' id='word_1_208' title='bbox 1138 2361 1299 2423; x_wconf 82' lang='lat' dir='ltr'><strong>„Quis</strong></span> <span class='ocrx_word' id='word_1_209' title='bbox 1336 2378 1427 2412; x_wconf 80' lang='lat' dir='ltr'><strong>vos</strong></span> <span class='ocrx_word' id='word_1_210' title='bbox 1464 2364 1750 2413; x_wconf 88' lang='lat' dir='ltr'><strong>lustrare</strong></span> <span class='ocrx_word' id='word_1_211' title='bbox 1775 2363 1972 2413; x_wconf 81' lang='lat' dir='ltr'><strong>valebit</strong></span> <span class='ocrx_word' id='word_1_212' title='bbox 2002 2358 2343 2412; x_wconf 74' lang='lat' dir='ltr'><strong>Oceanus?</strong></span> <span class='ocrx_word' id='word_1_213' title='bbox 2381 2368 2573 2411; x_wconf 88' lang='lat' dir='ltr'><strong>tantum</strong></span> <span class='ocrx_word' id='word_1_214' title='bbox 2600 2362 2795 2412; x_wconf 78' lang='lat' dir='ltr'><strong>facinus</strong></span> 
     </span>
     <span class='ocr_line' id='line_1_24' title="bbox 652 2445 2796 2512; baseline 0.001 -19"><span class='ocrx_word' id='word_1_215' title='bbox 652 2459 816 2507; x_wconf 86' lang='lat' dir='ltr'><strong>quae</strong></span> <span class='ocrx_word' id='word_1_216' title='bbox 853 2445 1013 2495; x_wconf 86' lang='lat' dir='ltr'><strong>diluet</strong></span> <span class='ocrx_word' id='word_1_217' title='bbox 1048 2446 1302 2497; x_wconf 77' lang='lat' dir='ltr'><strong>aetas?“</strong></span> <span class='ocrx_word' id='word_1_218' title='bbox 1338 2448 1391 2496; x_wconf 92' lang='lat' dir='ltr'><strong>in</strong></span> <span class='ocrx_word' id='word_1_219' title='bbox 1414 2447 1659 2497; x_wconf 87' lang='lat' dir='ltr'><strong>Leidensi</strong></span> <span class='ocrx_word' id='word_1_220' title='bbox 1699 2448 1872 2497; x_wconf 88' lang='lat' dir='ltr'><strong>codiee</strong></span> <span class='ocrx_word' id='word_1_221' title='bbox 1909 2464 1955 2512; x_wconf 87' lang='lat' dir='ltr'><strong>p.</strong></span> <span class='ocrx_word' id='word_1_222' title='bbox 1981 2448 2080 2497; x_wconf 83' lang='lat'><strong>844</strong></span> <span class='ocrx_word' id='word_1_223' title='bbox 2117 2446 2373 2511; x_wconf 87' lang='lat' dir='ltr'><strong>adscripta</strong></span> <span class='ocrx_word' id='word_1_224' title='bbox 2408 2447 2592 2496; x_wconf 88' lang='lat' dir='ltr'><strong>hacce:</strong></span> <span class='ocrx_word' id='word_1_225' title='bbox 2632 2448 2796 2508; x_wconf 90' lang='lat' dir='ltr'><strong>„hoc</strong></span> 
     </span>
     <span class='ocr_line' id='line_1_25' title="bbox 650 2530 2798 2597; baseline 0.001 -18"><span class='ocrx_word' id='word_1_226' title='bbox 650 2536 925 2579; x_wconf 85' lang='lat' dir='ltr'><strong>sumtum</strong></span> <span class='ocrx_word' id='word_1_227' title='bbox 964 2540 1059 2581; x_wconf 88' lang='lat' dir='ltr'><strong>est</strong></span> <span class='ocrx_word' id='word_1_228' title='bbox 1094 2534 1165 2581; x_wconf 88' lang='lat' dir='ltr'><strong>de</strong></span> <span class='ocrx_word' id='word_1_229' title='bbox 1202 2533 1369 2583; x_wconf 88' lang='lat' dir='ltr'><strong>libro</strong></span> <span class='ocrx_word' id='word_1_230' title='bbox 1408 2532 1616 2581; x_wconf 83' lang='lat' dir='ltr'><strong>Statii</strong></span> <span class='ocrx_word' id='word_1_231' title='bbox 1655 2530 2131 2583; x_wconf 83' lang='lat' dir='ltr'><strong>Achilleidos.“</strong></span> <span class='ocrx_word' id='word_1_232' title='bbox 2205 2533 2350 2594; x_wconf 82' lang='lat' dir='ltr'><strong>Quae</strong></span> <span class='ocrx_word' id='word_1_233' title='bbox 2391 2533 2564 2597; x_wconf 83' lang='lat' dir='ltr'><strong>glossa</strong></span> <span class='ocrx_word' id='word_1_234' title='bbox 2598 2539 2798 2596; x_wconf 84' lang='lat' dir='ltr'><strong>spectat</strong></span> 
     </span>
     <span class='ocr_line' id='line_1_26' title="bbox 650 2615 2796 2681; baseline 0 -17"><span class='ocrx_word' id='word_1_235' title='bbox 650 2616 713 2664; x_wconf 90' lang='lat' dir='ltr'><strong>ad</strong></span> <span class='ocrx_word' id='word_1_236' title='bbox 749 2616 920 2665; x_wconf 90' lang='lat' dir='ltr'><strong>locum</strong></span> <span class='ocrx_word' id='word_1_237' title='bbox 945 2615 988 2668; x_wconf 81' lang='grc' dir='ltr'><strong>Ι.</strong></span> <span class='ocrx_word' id='word_1_238' title='bbox 1018 2619 1142 2668; x_wconf 83' lang='lat'><strong>135.-</strong></span> <span class='ocrx_word' id='word_1_239' title='bbox 1178 2618 1321 2681; x_wconf 86' lang='lat' dir='ltr'><strong>„Hos</strong></span> <span class='ocrx_word' id='word_1_240' title='bbox 1360 2618 1565 2667; x_wconf 87' lang='lat' dir='ltr'><strong>abolere</strong></span> <span class='ocrx_word' id='word_1_241' title='bbox 1602 2626 1768 2667; x_wconf 86' lang='lat' dir='ltr'><strong>metus</strong></span> <span class='ocrx_word' id='word_1_242' title='bbox 1807 2618 1989 2681; x_wconf 85' lang='lat' dir='ltr'><strong>magici</strong></span> <span class='ocrx_word' id='word_1_243' title='bbox 2032 2616 2180 2681; x_wconf 87' lang='lat' dir='ltr'><strong>jubet</strong></span> <span class='ocrx_word' id='word_1_244' title='bbox 2223 2618 2395 2667; x_wconf 83' lang='lat' dir='ltr'><strong>ordine</strong></span> <span class='ocrx_word' id='word_1_245' title='bbox 2433 2618 2562 2667; x_wconf 85' lang='lat' dir='ltr'><strong>sacri</strong></span> <span class='ocrx_word' id='word_1_246' title='bbox 2602 2615 2796 2681; x_wconf 82' lang='lat' dir='ltr'><strong>Carpa-</strong></span> 
     </span>
     <span class='ocr_line' id='line_1_27' title="bbox 649 2700 2795 2767; baseline 0 -18"><span class='ocrx_word' id='word_1_247' title='bbox 649 2700 785 2750; x_wconf 90' lang='lat' dir='ltr'><strong>thius</strong></span> <span class='ocrx_word' id='word_1_248' title='bbox 822 2708 959 2750; x_wconf 82' lang='lat' dir='ltr'><strong>vates</strong></span> <span class='ocrx_word' id='word_1_249' title='bbox 996 2716 1313 2767; x_wconf 87' lang='lat' dir='ltr'><strong>puerumque</strong></span> <span class='ocrx_word' id='word_1_250' title='bbox 1350 2702 1443 2751; x_wconf 88' lang='lat' dir='ltr'><strong>sub</strong></span> <span class='ocrx_word' id='word_1_251' title='bbox 1480 2718 1578 2752; x_wconf 86' lang='lat' dir='ltr'><strong>axe</strong></span> <span class='ocrx_word' id='word_1_252' title='bbox 1616 2705 1834 2767; x_wconf 91' lang='lat' dir='ltr'><strong>probato</strong></span> <span class='ocrx_word' id='word_1_253' title='bbox 1873 2702 2092 2753; x_wconf 87' lang='lat' dir='ltr'><strong>Secretis</strong></span> <span class='ocrx_word' id='word_1_254' title='bbox 2129 2701 2342 2751; x_wconf 87' lang='lat' dir='ltr'><strong>lustrare</strong></span> <span class='ocrx_word' id='word_1_255' title='bbox 2378 2702 2544 2761; x_wconf 81' lang='lat' dir='ltr'><strong>fretis,</strong></span> <span class='ocrx_word' id='word_1_256' title='bbox 2589 2703 2675 2751; x_wconf 86' lang='lat' dir='ltr'><strong>ubi</strong></span> <span class='ocrx_word' id='word_1_257' title='bbox 2713 2702 2795 2751; x_wconf 85' lang='lat' dir='ltr'><strong>lit-</strong></span> 
     </span>
     <span class='ocr_line' id='line_1_28' title="bbox 648 2784 2793 2852; baseline 0.001 -19"><span class='ocrx_word' id='word_1_258' title='bbox 648 2792 760 2833; x_wconf 85' lang='lat' dir='ltr'><strong>tora</strong></span> <span class='ocrx_word' id='word_1_259' title='bbox 799 2800 993 2835; x_wconf 91' lang='lat' dir='ltr'><strong>summa</strong></span> <span class='ocrx_word' id='word_1_260' title='bbox 1014 2784 1209 2836; x_wconf 86' lang='lat' dir='ltr'><strong>Oceani</strong></span> <span class='ocrx_word' id='word_1_261' title='bbox 1247 2795 1297 2835; x_wconf 88' lang='lat' dir='ltr'><strong>et</strong></span> <span class='ocrx_word' id='word_1_262' title='bbox 1332 2788 1539 2850; x_wconf 86' lang='lat' dir='ltr'><strong>genitor</strong></span> <span class='ocrx_word' id='word_1_263' title='bbox 1575 2795 1717 2852; x_wconf 88' lang='lat' dir='ltr'><strong>tepet</strong></span> <span class='ocrx_word' id='word_1_264' title='bbox 1752 2788 2096 2837; x_wconf 87' lang='lat' dir='ltr'><strong>inlabentibus</strong></span> <span class='ocrx_word' id='word_1_265' title='bbox 2123 2787 2269 2836; x_wconf 86' lang='lat' dir='ltr'><strong>astris</strong></span> <span class='ocrx_word' id='word_1_266' title='bbox 2295 2785 2506 2848; x_wconf 76' lang='lat' dir='ltr'><strong>PontuS,</strong></span> <span class='ocrx_word' id='word_1_267' title='bbox 2544 2788 2629 2837; x_wconf 90' lang='lat' dir='ltr'><strong>ubi</strong></span> <span class='ocrx_word' id='word_1_268' title='bbox 2655 2788 2793 2851; x_wconf 89' lang='lat' dir='ltr'><strong>iguo·</strong></span> 
     </span>
     <span class='ocr_line' id='line_1_29' title="bbox 651 2870 2796 2937; baseline 0.001 -19"><span class='ocrx_word' id='word_1_269' title='bbox 651 2870 713 2919; x_wconf 87' lang='lat' dir='ltr'><strong>tis</strong></span> <span class='ocrx_word' id='word_1_270' title='bbox 750 2871 1005 2922; x_wconf 88' lang='lat' dir='ltr'><strong>horrenda</strong></span> <span class='ocrx_word' id='word_1_271' title='bbox 1042 2872 1247 2936; x_wconf 85' lang='lat' dir='ltr'><strong>piacula</strong></span> <span class='ocrx_word' id='word_1_272' title='bbox 1283 2873 1410 2921; x_wconf 82' lang='lat' dir='ltr'><strong>divis</strong></span> <span class='ocrx_word' id='word_1_273' title='bbox 1438 2873 1744 2937; x_wconf 89' lang='lat' dir='ltr'><strong>Donaque.“</strong></span> <span class='ocrx_word' id='word_1_274' title='bbox 1805 2872 2125 2935; x_wconf 84' lang='lat' dir='ltr'><strong>Quamquam</strong></span> <span class='ocrx_word' id='word_1_275' title='bbox 2164 2873 2394 2935; x_wconf 83' lang='lat' dir='ltr'><strong>digniora</strong></span> <span class='ocrx_word' id='word_1_276' title='bbox 2419 2873 2796 2936; x_wconf 84' lang='lat' dir='ltr'><strong>comparatione</strong></span> 
     </span>
     <span class='ocr_line' id='line_1_30' title="bbox 649 2952 2794 3023; baseline -0 -19"><span class='ocrx_word' id='word_1_277' title='bbox 649 2956 855 3005; x_wconf 74' lang='lat' dir='ltr'><strong>fuerunt</strong></span> <span class='ocrx_word' id='word_1_278' title='bbox 889 2956 980 3005; x_wconf 87' lang='lat' dir='ltr'><strong>illa</strong></span> <span class='ocrx_word' id='word_1_279' title='bbox 1006 2954 1193 3006; x_wconf 88' lang='lat' dir='ltr'><strong>Catulli</strong></span> <span class='ocrx_word' id='word_1_280' title='bbox 1233 2958 1402 3017; x_wconf 82' lang='lat' dir='ltr'><strong>verba,</strong></span> <span class='ocrx_word' id='word_1_281' title='bbox 1442 2958 1503 3007; x_wconf 87' lang='lat' dir='ltr'><strong>de</strong></span> <span class='ocrx_word' id='word_1_282' title='bbox 1543 2958 1727 3021; x_wconf 88' lang='lat' dir='ltr'><strong>quibus</strong></span> <span class='ocrx_word' id='word_1_283' title='bbox 1765 2958 2042 3023; x_wconf 82' lang='lat' dir='ltr'><strong>explicavit</strong></span> <span class='ocrx_word' id='word_1_284' title='bbox 2072 2957 2353 3006; x_wconf 73' lang='lat' dir='ltr'><strong>Dor-villius</strong></span> <span class='ocrx_word' id='word_1_285' title='bbox 2381 2952 2570 3009; x_wconf 84' lang='lat' dir='ltr'><strong>Charit,</strong></span> <span class='ocrx_word' id='word_1_286' title='bbox 2597 2972 2646 3020; x_wconf 90' lang='lat' dir='ltr'><strong>p.</strong></span> <span class='ocrx_word' id='word_1_287' title='bbox 2669 2956 2794 3007; x_wconf 83' lang='lat'>238:</span> 
     </span>
     <span class='ocr_line' id='line_1_31' title="bbox 649 3040 2792 3109; baseline -0.001 -18"><span class='ocrx_word' id='word_1_288' title='bbox 649 3040 920 3105; x_wconf 81' lang='lat' dir='ltr'><strong>‚,Suscipit‚</strong></span> <span class='ocrx_word' id='word_1_289' title='bbox 957 3057 988 3090; x_wconf 95' lang='lat' dir='ltr'><strong>o</strong></span> <span class='ocrx_word' id='word_1_290' title='bbox 1018 3040 1171 3101; x_wconf 90' lang='lat' dir='ltr'><strong>Gelli,</strong></span> <span class='ocrx_word' id='word_1_291' title='bbox 1208 3050 1450 3106; x_wconf 89' lang='lat' dir='ltr'><strong>quantum</strong></span> <span class='ocrx_word' id='word_1_292' title='bbox 1488 3058 1591 3092; x_wconf 89' lang='lat' dir='ltr'><strong>non</strong></span> <span class='ocrx_word' id='word_1_293' title='bbox 1621 3044 1800 3093; x_wconf 78' lang='lat' dir='ltr'><strong>ultima</strong></span> <span class='ocrx_word' id='word_1_294' title='bbox 1821 3043 2037 3109; x_wconf 85' lang='lat' dir='ltr'><strong>Tethys,</strong></span> <span class='ocrx_word' id='word_1_295' title='bbox 2075 3042 2192 3092; x_wconf 82' lang='lat' dir='ltr'><strong>Non</strong></span> <span class='ocrx_word' id='word_1_296' title='bbox 2216 3042 2418 3105; x_wconf 89' lang='lat' dir='ltr'><strong>genitor</strong></span> <span class='ocrx_word' id='word_1_297' title='bbox 2441 3040 2792 3106; x_wconf 80' lang='lat' dir='ltr'><strong>Nympharum</strong></span> 
     </span>
     <span class='ocr_line' id='line_1_32' title="bbox 650 3114 2792 3191; baseline -0 -17"><span class='ocrx_word' id='word_1_298' title='bbox 650 3126 867 3175; x_wconf 88' lang='lat' dir='ltr'><strong>abluit</strong></span> <span class='ocrx_word' id='word_1_299' title='bbox 902 3125 947 3175; x_wconf 96' lang='grc' dir='ltr'>Ο</span> <span class='ocrx_word' id='word_1_300' title='bbox 964 3128 1254 3186; x_wconf 78' lang='lat' dir='ltr'><strong>ceanuS,“</strong></span> <span class='ocrx_word' id='word_1_301' title='bbox 1290 3129 1473 3191; x_wconf 86' lang='lat' dir='ltr'><strong>quibus</strong></span> <span class='ocrx_word' id='word_1_302' title='bbox 1510 3129 1698 3179; x_wconf 81' lang='lat' dir='ltr'><strong>similia</strong></span> <span class='ocrx_word' id='word_1_303' title='bbox 1718 3126 1915 3177; x_wconf 88' lang='lat' dir='ltr'><strong>Seneca</strong></span> <span class='ocrx_word' id='word_1_304' title='bbox 1939 3128 2090 3177; x_wconf 85' lang='lat' dir='ltr'><strong>Herc.</strong></span> <span class='ocrx_word' id='word_1_305' title='bbox 2115 3128 2232 3180; x_wconf 82' lang='lat' dir='ltr'><strong>Fur.</strong></span> <span class='ocrx_word' id='word_1_306' title='bbox 2258 3127 2415 3176; x_wconf 86' lang='lat'><strong>1323:</strong></span> <span class='ocrx_word' id='word_1_307' title='bbox 2454 3125 2581 3187; x_wconf 82' lang='lat' dir='ltr'><strong>Quis</strong></span> <span class='ocrx_word' id='word_1_308' title='bbox 2601 3114 2792 3174; x_wconf 82' lang='lat' dir='ltr'><strong>Tanais</strong></span> 
     </span>
     <span class='ocr_line' id='line_1_33' title="bbox 649 3211 2790 3278; baseline -0.001 -18"><span class='ocrx_word' id='word_1_309' title='bbox 649 3220 741 3260; x_wconf 88' lang='lat' dir='ltr'><strong>aut</strong></span> <span class='ocrx_word' id='word_1_310' title='bbox 778 3212 923 3276; x_wconf 88' lang='lat' dir='ltr'><strong>quis</strong></span> <span class='ocrx_word' id='word_1_311' title='bbox 961 3211 1149 3261; x_wconf 84' lang='lat' dir='ltr'><strong>Nilus</strong></span> <span class='ocrx_word' id='word_1_312' title='bbox 1189 3239 1249 3247; x_wconf 97' lang='lat'><strong>—</strong></span> <span class='ocrx_word' id='word_1_313' title='bbox 1288 3212 1579 3262; x_wconf 89' lang='lat' dir='ltr'><strong>Abluere</strong></span> <span class='ocrx_word' id='word_1_314' title='bbox 1619 3214 1907 3262; x_wconf 87' lang='lat' dir='ltr'><strong>dextram</strong></span> <span class='ocrx_word' id='word_1_315' title='bbox 1945 3212 2168 3278; x_wconf 81' lang='lat' dir='ltr'><strong>poterit?</strong></span> <span class='ocrx_word' id='word_1_316' title='bbox 2209 3214 2458 3262; x_wconf 88' lang='lat' dir='ltr'><strong>Arctoum</strong></span> <span class='ocrx_word' id='word_1_317' title='bbox 2494 3211 2613 3259; x_wconf 86' lang='lat' dir='ltr'><strong>licet</strong></span> <span class='ocrx_word' id='word_1_318' title='bbox 2645 3212 2790 3259; x_wconf 87' lang='lat' dir='ltr'><strong>Mac-</strong></span> 
     </span>
     <span class='ocr_line' id='line_1_34' title="bbox 650 3296 2794 3363; baseline -0 -18"><span class='ocrx_word' id='word_1_319' title='bbox 650 3296 747 3345; x_wconf 90' lang='lat' dir='ltr'><strong>otis</strong></span> <span class='ocrx_word' id='word_1_320' title='bbox 782 3297 833 3344; x_wconf 91' lang='lat' dir='ltr'><strong>in</strong></span> <span class='ocrx_word' id='word_1_321' title='bbox 862 3313 941 3347; x_wconf 90' lang='lat' dir='ltr'><strong>me</strong></span> <span class='ocrx_word' id='word_1_322' title='bbox 978 3298 1149 3361; x_wconf 85' lang='lat' dir='ltr'><strong>gelida</strong></span> <span class='ocrx_word' id='word_1_323' title='bbox 1176 3299 1496 3349; x_wconf 84' lang='lat' dir='ltr'><strong>transfundat</strong></span> <span class='ocrx_word' id='word_1_324' title='bbox 1521 3312 1657 3347; x_wconf 88' lang='lat' dir='ltr'><strong>mare</strong></span> <span class='ocrx_word' id='word_1_325' title='bbox 1677 3297 1745 3347; x_wconf 89' lang='lat' dir='ltr'><strong>Et</strong></span> <span class='ocrx_word' id='word_1_326' title='bbox 1770 3305 1878 3347; x_wconf 87' lang='lat' dir='ltr'><strong>tota</strong></span> <span class='ocrx_word' id='word_1_327' title='bbox 1899 3297 2098 3363; x_wconf 81' lang='lat' dir='ltr'><strong>Tethys</strong></span> <span class='ocrx_word' id='word_1_328' title='bbox 2122 3314 2217 3363; x_wconf 91' lang='lat' dir='ltr'><strong>pcr</strong></span> <span class='ocrx_word' id='word_1_329' title='bbox 2241 3313 2376 3347; x_wconf 87' lang='lat' dir='ltr'><strong>meas</strong></span> <span class='ocrx_word' id='word_1_330' title='bbox 2403 3304 2574 3345; x_wconf 88' lang='lat' dir='ltr'><strong>currat</strong></span> <span class='ocrx_word' id='word_1_331' title='bbox 2601 3310 2794 3355; x_wconf 80' lang='lat' dir='ltr'><strong>mauuS,</strong></span> 
     </span>
     <span class='ocr_line' id='line_1_35' title="bbox 654 3379 2795 3449; baseline 0 -20"><span class='ocrx_word' id='word_1_332' title='bbox 654 3382 900 3430; x_wconf 86' lang='lat' dir='ltr'><strong>Haerebit</strong></span> <span class='ocrx_word' id='word_1_333' title='bbox 936 3381 1091 3431; x_wconf 89' lang='lat' dir='ltr'><strong>altum</strong></span> <span class='ocrx_word' id='word_1_334' title='bbox 1128 3382 1373 3436; x_wconf 80' lang='lat' dir='ltr'><strong>facinus.“</strong></span> <span class='ocrx_word' id='word_1_335' title='bbox 1434 3385 1585 3449; x_wconf 88' lang='lat' dir='ltr'><strong>Hipp.</strong></span> <span class='ocrx_word' id='word_1_336' title='bbox 1630 3387 1754 3434; x_wconf 85' lang='lat'><strong>715:</strong></span> <span class='ocrx_word' id='word_1_337' title='bbox 1793 3381 1954 3444; x_wconf 84' lang='lat' dir='ltr'><strong>„Quis</strong></span> <span class='ocrx_word' id='word_1_338' title='bbox 1994 3379 2272 3432; x_wconf 57' lang='lat' dir='ltr'><strong>eluit‘mc</strong></span> <span class='ocrx_word' id='word_1_339' title='bbox 2311 3382 2504 3430; x_wconf 83' lang='lat' dir='ltr'><strong>Tanais</strong></span> <span class='ocrx_word' id='word_1_340' title='bbox 2542 3390 2630 3429; x_wconf 88' lang='lat' dir='ltr'><strong>aut</strong></span> <span class='ocrx_word' id='word_1_341' title='bbox 2665 3396 2795 3445; x_wconf 85' lang='lat' dir='ltr'><strong>quae</strong></span> 
     </span>
     <span class='ocr_line' id='line_1_36' title="bbox 650 3466 2793 3531; baseline 0 -16"><span class='ocrx_word' id='word_1_342' title='bbox 650 3466 877 3516; x_wconf 83' lang='lat' dir='ltr'><strong>barbaris</strong></span> <span class='ocrx_word' id='word_1_343' title='bbox 914 3466 1133 3516; x_wconf 85' lang='lat' dir='ltr'><strong>Maeotis</strong></span> <span class='ocrx_word' id='word_1_344' title='bbox 1170 3470 1318 3519; x_wconf 88' lang='lat' dir='ltr'><strong>undis</strong></span> <span class='ocrx_word' id='word_1_345' title='bbox 1347 3470 1561 3519; x_wconf 85' lang='lat' dir='ltr'><strong>Pontico</strong></span> <span class='ocrx_word' id='word_1_346' title='bbox 1599 3468 1897 3517; x_wconf 88' lang='lat' dir='ltr'><strong>incumbens</strong></span> <span class='ocrx_word' id='word_1_347' title='bbox 1938 3468 2098 3516; x_wconf 79' lang='lat' dir='ltr'><strong>mari?</strong></span> <span class='ocrx_word' id='word_1_348' title='bbox 2138 3466 2251 3516; x_wconf 89' lang='lat' dir='ltr'><strong>Non</strong></span> <span class='ocrx_word' id='word_1_349' title='bbox 2290 3467 2399 3531; x_wconf 88' lang='lat' dir='ltr'><strong>ipsc</strong></span> <span class='ocrx_word' id='word_1_350' title='bbox 2435 3474 2544 3516; x_wconf 91' lang='lat' dir='ltr'><strong>toto</strong></span> <span class='ocrx_word' id='word_1_351' title='bbox 2583 3481 2793 3529; x_wconf 87' lang='lat' dir='ltr'><strong>magnus</strong></span> 
     </span>
     <span class='ocr_line' id='line_1_37' title="bbox 649 3548 2795 3618; baseline -0 -18"><span class='ocrx_word' id='word_1_352' title='bbox 649 3549 855 3601; x_wconf 88' lang='lat' dir='ltr'><strong>Oceano</strong></span> <span class='ocrx_word' id='word_1_353' title='bbox 893 3560 1039 3616; x_wconf 87' lang='lat' dir='ltr'><strong>pater</strong></span> <span class='ocrx_word' id='word_1_354' title='bbox 1070 3552 1289 3602; x_wconf 88' lang='lat' dir='ltr'><strong>Tantum</strong></span> <span class='ocrx_word' id='word_1_355' title='bbox 1328 3554 1547 3618; x_wconf 78' lang='lat' dir='ltr'><strong>expiarit</strong></span> <span class='ocrx_word' id='word_1_356' title='bbox 1584 3548 1844 3603; x_wconf 83' lang='lat' dir='ltr'><strong>sceleris.“</strong></span> <span class='ocrx_word' id='word_1_357' title='bbox 1882 3552 2082 3602; x_wconf 87' lang='lat' dir='ltr'><strong>Omissa</strong></span> <span class='ocrx_word' id='word_1_358' title='bbox 2119 3552 2246 3599; x_wconf 81' lang='lat' dir='ltr'><strong>haec</strong></span> <span class='ocrx_word' id='word_1_359' title='bbox 2284 3560 2408 3601; x_wconf 89' lang='lat' dir='ltr'><strong>sunt</strong></span> <span class='ocrx_word' id='word_1_360' title='bbox 2444 3566 2556 3600; x_wconf 90' lang='lat' dir='ltr'><strong>cum</strong></span> <span class='ocrx_word' id='word_1_361' title='bbox 2589 3551 2652 3600; x_wconf 89' lang='lat' dir='ltr'><strong>ab</strong></span> <span class='ocrx_word' id='word_1_362' title='bbox 2679 3550 2795 3599; x_wconf 86' lang='lat' dir='ltr'><strong>aliis</strong></span> 
     </span>
     <span class='ocr_line' id='line_1_38' title="bbox 651 3636 2797 3701; baseline -0.001 -16"><span class='ocrx_word' id='word_1_363' title='bbox 651 3646 753 3686; x_wconf 90' lang='lat' dir='ltr'><strong>tum</strong></span> <span class='ocrx_word' id='word_1_364' title='bbox 793 3653 823 3685; x_wconf 88' lang='lat' dir='ltr'><strong>a</strong></span> <span class='ocrx_word' id='word_1_365' title='bbox 860 3638 1229 3687; x_wconf 87' lang='lat' dir='ltr'><strong>Buenemanno</strong></span> <span class='ocrx_word' id='word_1_366' title='bbox 1266 3640 1497 3689; x_wconf 81' lang='lat' dir='ltr'><strong>Lactant.</strong></span> <span class='ocrx_word' id='word_1_367' title='bbox 1570 3639 1638 3689; x_wconf 84' lang='lat' dir='ltr'><strong>V.</strong></span> <span class='ocrx_word' id='word_1_368' title='bbox 1664 3640 1744 3699; x_wconf 88' lang='grc'><strong>19,</strong></span> <span class='ocrx_word' id='word_1_369' title='bbox 1780 3638 1843 3687; x_wconf 87' lang='grc'><strong>33</strong></span> <span class='ocrx_word' id='word_1_370' title='bbox 1882 3654 1929 3701; x_wconf 88' lang='lat' dir='ltr'><strong>p.</strong></span> <span class='ocrx_word' id='word_1_371' title='bbox 1969 3638 2091 3687; x_wconf 83' lang='lat'>679:</span> <span class='ocrx_word' id='word_1_372' title='bbox 2130 3646 2420 3699; x_wconf 78' lang='lat' dir='ltr'><strong>„tamquam</strong></span> <span class='ocrx_word' id='word_1_373' title='bbox 2457 3636 2551 3685; x_wconf 89' lang='lat' dir='ltr'><strong>ulli</strong></span> <span class='ocrx_word' id='word_1_374' title='bbox 2578 3650 2797 3685; x_wconf 87' lang='lat' dir='ltr'><strong>amnes</strong></span> 
     </span>
     <span class='ocr_line' id='line_1_39' title="bbox 649 3722 2795 3789; baseline 0.001 -18"><span class='ocrx_word' id='word_1_375' title='bbox 649 3723 942 3783; x_wconf 86' lang='lat' dir='ltr'><strong>abluant,</strong></span> <span class='ocrx_word' id='word_1_376' title='bbox 979 3724 1087 3772; x_wconf 87' lang='lat' dir='ltr'><strong>ulla</strong></span> <span class='ocrx_word' id='word_1_377' title='bbox 1125 3726 1283 3774; x_wconf 84' lang='lat' dir='ltr'><strong>maria</strong></span> <span class='ocrx_word' id='word_1_378' title='bbox 1307 3725 1612 3789; x_wconf 81' lang='lat' dir='ltr'><strong>purificent“</strong></span> <span class='ocrx_word' id='word_1_379' title='bbox 1639 3724 1960 3776; x_wconf 76' lang='lat' dir='ltr'><strong>et.Jacobsio</strong></span> <span class='ocrx_word' id='word_1_380' title='bbox 1982 3722 2140 3772; x_wconf 85' lang='lat' dir='ltr'><strong>Anth.</strong></span> <span class='ocrx_word' id='word_1_381' title='bbox 2163 3722 2270 3773; x_wconf 84' lang='lat' dir='ltr'><strong>Pal.</strong></span> <span class='ocrx_word' id='word_1_382' title='bbox 2293 3722 2441 3771; x_wconf 86' lang='lat' dir='ltr'>XIV.</span> <span class='ocrx_word' id='word_1_383' title='bbox 2467 3722 2592 3781; x_wconf 84' lang='lat'><strong>71‚4</strong></span> <span class='ocrx_word' id='word_1_384' title='bbox 2613 3738 2660 3785; x_wconf 89' lang='lat' dir='ltr'><strong>p.</strong></span> <span class='ocrx_word' id='word_1_385' title='bbox 2682 3722 2795 3773; x_wconf 89' lang='lat'><strong>803.</strong></span> 
     </span>
    </p>
   </div>
   <div class='ocr_carea' id='block_1_3' title="bbox 3205 2690 3208 3347">
    <p class='ocr_par' dir='ltr' id='par_1_5' title="bbox 3205 2690 3208 3347">
     <span class='ocr_line' id='line_1_40' title="bbox 3205 2690 3208 3347; baseline 0 0"><span class='ocrx_word' id='word_1_386' title='bbox 3205 2690 3208 3347; x_wconf 95' lang='lat' dir='ltr'><strong> </strong></span> 
     </span>
    </p>
   </div>
   <div class='ocr_carea' id='block_1_4' title="bbox 789 3804 2880 3873">
    <p class='ocr_par' dir='ltr' id='par_1_6' title="bbox 789 3804 2880 3873">
     <span class='ocr_line' id='line_1_41' title="bbox 789 3804 2880 3873; baseline -0.002 -16"><span class='ocrx_word' id='word_1_387' title='bbox 789 3807 893 3858; x_wconf 88' lang='lat' dir='ltr'><strong>Sed</strong></span> <span class='ocrx_word' id='word_1_388' title='bbox 931 3816 1155 3859; x_wconf 81' lang='lat' dir='ltr'><strong>revertor</strong></span> <span class='ocrx_word' id='word_1_389' title='bbox 1191 3810 1254 3857; x_wconf 88' lang='lat' dir='ltr'><strong>ad</strong></span> <span class='ocrx_word' id='word_1_390' title='bbox 1294 3808 1499 3860; x_wconf 86' lang='lat' dir='ltr'><strong>Oniten.</strong></span> <span class='ocrx_word' id='word_1_391' title='bbox 1573 3808 1734 3872; x_wconf 85' lang='lat' dir='ltr'><strong>Cujus</strong></span> <span class='ocrx_word' id='word_1_392' title='bbox 1771 3826 1959 3859; x_wconf 90' lang='lat' dir='ltr'><strong>nomen</strong></span> <span class='ocrx_word' id='word_1_393' title='bbox 1997 3809 2058 3857; x_wconf 88' lang='lat' dir='ltr'><strong>ad</strong></span> <span class='ocrx_word' id='word_1_394' title='bbox 2099 3806 2382 3873; x_wconf 87' lang='lat' dir='ltr'><strong>Olynthum</strong></span> <span class='ocrx_word' id='word_1_395' title='bbox 2434 3806 2509 3854; x_wconf 87' lang='lat' dir='ltr'><strong>his</strong></span> <span class='ocrx_word' id='word_1_396' title='bbox 2558 3806 2797 3869; x_wconf 85' lang='lat' dir='ltr'><strong>deinceps</strong></span> <span class='ocrx_word' id='word_1_397' title='bbox 2877 3804 2880 3807; x_wconf 78' lang='grc'><strong>’</strong></span> 
     </span>
    </p>
   </div>
   <div class='ocr_carea' id='block_1_5' title="bbox 650 3892 2797 4045">
    <p class='ocr_par' dir='ltr' id='par_1_7' title="bbox 650 3892 2797 4045">
     <span class='ocr_line' id='line_1_42' title="bbox 654 3892 2797 3958; baseline -0.002 -15"><span class='ocrx_word' id='word_1_398' title='bbox 654 3892 2485 3958; x_wconf 76' lang='lat' dir='ltr'><strong>gradibusdeductum201iten‚Olithcn,Olythen,Olynthon</strong></span> <span class='ocrx_word' id='word_1_399' title='bbox 2507 3892 2797 3940; x_wconf 89' lang='lat' dir='ltr'><strong>memoriam</strong></span> 
     </span>
     <span class='ocr_line' id='line_1_43' title="bbox 650 3977 2188 4045; baseline -0.001 -18"><span class='ocrx_word' id='word_1_400' title='bbox 650 3979 821 4028; x_wconf 84' lang='lat' dir='ltr'><strong>attulit</strong></span> <span class='ocrx_word' id='word_1_401' title='bbox 856 3981 1074 4030; x_wconf 87' lang='lat' dir='ltr'><strong>nominis</strong></span> <span class='ocrx_word' id='word_1_402' title='bbox 1110 3980 1411 4030; x_wconf 88' lang='lat' dir='ltr'><strong>Perinthi</strong></span> <span class='ocrx_word' id='word_1_403' title='bbox 1450 3980 1603 4045; x_wconf 86' lang='lat' dir='ltr'><strong>positi</strong></span> <span class='ocrx_word' id='word_1_404' title='bbox 1640 3980 1693 4029; x_wconf 89' lang='lat' dir='ltr'><strong>in</strong></span> <span class='ocrx_word' id='word_1_405' title='bbox 1731 3979 1893 4030; x_wconf 88' lang='lat' dir='ltr'><strong>Theb.</strong></span> <span class='ocrx_word' id='word_1_406' title='bbox 1928 3977 2026 4027; x_wconf 89' lang='lat' dir='ltr'><strong>XI.</strong></span> <span class='ocrx_word' id='word_1_407' title='bbox 2067 3980 2188 4028; x_wconf 85' lang='lat'><strong>199:</strong></span> 
     </span>
    </p>
   </div>
   <div class='ocr_carea' id='block_1_6' title="bbox 1069 4106 2389 4172">
    <p class='ocr_par' dir='ltr' id='par_1_8' title="bbox 1069 4106 2389 4172">
     <span class='ocr_line' id='line_1_44' title="bbox 1069 4106 2389 4172; baseline -0.001 -15"><span class='ocrx_word' id='word_1_408' title='bbox 1069 4109 1311 4159; x_wconf 86' lang='lat' dir='ltr'><strong>Protinus</strong></span> <span class='ocrx_word' id='word_1_409' title='bbox 1348 4109 1549 4158; x_wconf 88' lang='lat' dir='ltr'><strong>Inachii</strong></span> <span class='ocrx_word' id='word_1_410' title='bbox 1584 4108 1756 4157; x_wconf 85' lang='lat' dir='ltr'><strong>vultus</strong></span> <span class='ocrx_word' id='word_1_411' title='bbox 1794 4122 2036 4172; x_wconf 85' lang='lat' dir='ltr'><strong>expressa</strong></span> <span class='ocrx_word' id='word_1_412' title='bbox 2071 4106 2389 4157; x_wconf 86' lang='lat' dir='ltr'><strong>Perinthi.</strong></span> 
     </span>
    </p>
   </div>
   <div class='ocr_carea' id='block_1_7' title="bbox 650 4232 2800 4472">
    <p class='ocr_par' dir='ltr' id='par_1_9' title="bbox 650 4232 2800 4472">
     <span class='ocr_line' id='line_1_45' title="bbox 651 4232 2800 4302; baseline -0.002 -16"><span class='ocrx_word' id='word_1_413' title='bbox 651 4236 805 4298; x_wconf 81' lang='lat' dir='ltr'><strong>Quod</strong></span> <span class='ocrx_word' id='word_1_414' title='bbox 845 4252 1028 4287; x_wconf 89' lang='lat' dir='ltr'><strong>nomen</strong></span> <span class='ocrx_word' id='word_1_415' title='bbox 1065 4252 1220 4300; x_wconf 89' lang='lat' dir='ltr'><strong>quum</strong></span> <span class='ocrx_word' id='word_1_416' title='bbox 1259 4252 1365 4287; x_wconf 93' lang='lat' dir='ltr'><strong>non</strong></span> <span class='ocrx_word' id='word_1_417' title='bbox 1400 4232 1582 4287; x_wconf 90' lang='lat' dir='ltr'><strong>mirum</strong></span> <span class='ocrx_word' id='word_1_418' title='bbox 1623 4237 1686 4286; x_wconf 88' lang='lat' dir='ltr'><strong>sit</strong></span> <span class='ocrx_word' id='word_1_419' title='bbox 1731 4238 1792 4287; x_wconf 87' lang='lat' dir='ltr'><strong>iis</strong></span> <span class='ocrx_word' id='word_1_420' title='bbox 1839 4237 2120 4302; x_wconf 86' lang='lat' dir='ltr'><strong>placuisse,</strong></span> <span class='ocrx_word' id='word_1_421' title='bbox 2167 4234 2253 4299; x_wconf 91' lang='lat' dir='ltr'><strong>qui</strong></span> <span class='ocrx_word' id='word_1_422' title='bbox 2302 4250 2403 4284; x_wconf 90' lang='lat' dir='ltr'><strong>non</strong></span> <span class='ocrx_word' id='word_1_423' title='bbox 2451 4234 2800 4298; x_wconf 86' lang='lat' dir='ltr'><strong>improbarent</strong></span> 
     </span>
     <span class='ocr_line' id='line_1_46' title="bbox 650 4319 2794 4388; baseline -0.003 -15"><span class='ocrx_word' id='word_1_424' title='bbox 650 4322 1015 4388; x_wconf 78' lang='lat' dir='ltr'><strong>Olynthon,</strong></span> <span class='ocrx_word' id='word_1_425' title='bbox 1069 4337 1173 4372; x_wconf 90' lang='lat' dir='ltr'><strong>non</strong></span> <span class='ocrx_word' id='word_1_426' title='bbox 1210 4323 1361 4373; x_wconf 90' lang='lat' dir='ltr'><strong>dubie</strong></span> <span class='ocrx_word' id='word_1_427' title='bbox 1398 4331 1565 4373; x_wconf 87' lang='lat' dir='ltr'><strong>tamen</strong></span> <span class='ocrx_word' id='word_1_428' title='bbox 1613 4323 1741 4372; x_wconf 88' lang='lat' dir='ltr'><strong>haec</strong></span> <span class='ocrx_word' id='word_1_429' title='bbox 1792 4321 2041 4372; x_wconf 87' lang='lat' dir='ltr'><strong>librorum</strong></span> <span class='ocrx_word' id='word_1_430' title='bbox 2079 4320 2441 4385; x_wconf 81' lang='lat' dir='ltr'><strong>discrepantia:</strong></span> <span class='ocrx_word' id='word_1_431' title='bbox 2497 4319 2682 4368; x_wconf 83' lang='lat' dir='ltr'><strong>Behot.</strong></span> <span class='ocrx_word' id='word_1_432' title='bbox 2719 4334 2794 4382; x_wconf 89' lang='lat' dir='ltr'><strong>pr.</strong></span> 
     </span>
     <span class='ocr_line' id='line_1_47' title="bbox 650 4402 2797 4472; baseline -0.003 -15"><span class='ocrx_word' id='word_1_433' title='bbox 650 4407 868 4472; x_wconf 82' lang='lat' dir='ltr'><strong>Frising.</strong></span> <span class='ocrx_word' id='word_1_434' title='bbox 908 4406 1184 4467; x_wconf 89' lang='lat' dir='ltr'><strong>Pericli,</strong></span> <span class='ocrx_word' id='word_1_435' title='bbox 1221 4408 1416 4458; x_wconf 86' lang='lat' dir='ltr'><strong>Barthii</strong></span> <span class='ocrx_word' id='word_1_436' title='bbox 1454 4417 1503 4459; x_wconf 84' lang='lat' dir='ltr'><strong>et</strong></span> <span class='ocrx_word' id='word_1_437' title='bbox 1537 4408 1814 4458; x_wconf 90' lang='lat' dir='ltr'><strong>Lindenbr.</strong></span> <span class='ocrx_word' id='word_1_438' title='bbox 1854 4409 2001 4457; x_wconf 81' lang='lat' dir='ltr'><strong>codd.</strong></span> <span class='ocrx_word' id='word_1_439' title='bbox 2039 4406 2241 4456; x_wconf 84' lang='lat' dir='ltr'><strong>Monac.</strong></span> <span class='ocrx_word' id='word_1_440' title='bbox 2281 4403 2490 4458; x_wconf 86' lang='lat' dir='ltr'><strong>Scheftl.</strong></span> <span class='ocrx_word' id='word_1_441' title='bbox 2523 4402 2797 4453; x_wconf 87' lang='lat' dir='ltr'><strong>Perichi</strong></span> 
     </span>
    </p>
   </div>
  </div>
 </body>
</html>
