3234 4967
1281 379 1505 432 Adnou
1543 377 1638 432 43.
2432 374 2513 441 67

382 584 564 652 cellis
607 583 998 673 quibusdam
1043 583 1621 650 circumscribendi
1666 577 1901 650 verba:
1987 604 2088 671 qu
2104 605 2142 649 ο
2158 605 2250 650 ru
2266 605 2330 648 m
2400 605 2526 670 ego

325 754 332 760 .
379 701 724 757 manantes
771 687 992 756 oculos
1023 697 1092 754 et
1119 689 1343 756 saucia
1373 688 1532 755 tersi
1559 688 1883 754 Pectora“
1912 697 2242 777 tamquam
2278 687 2530 776 reliquo

381 799 665 866 sermoni
710 819 942 885 parum
988 796 1317 885 adjuncta.
1407 794 1539 861 Sed
1583 803 1659 861 ut
1702 795 2007 878 reddam,
2054 794 2232 883 quod
2287 795 2357 859 in
2402 794 2527 860 hac

381 927 614 973 caussa
703 904 1062 970 maximum
1153 911 1254 967 est
1267 952 1288 985 ,
1379 911 1792 971 succurrerat
1880 901 2069 968 nobis
2082 949 2099 971 .
2196 898 2373 988 quod
2448 900 2531 966 ab

379 1009 660 1096 Virgilio
733 1010 905 1077 Aen.
982 1008 1066 1074 V.
1160 1007 1322 1072 638:
1415 1007 1523 1074 hic
1614 1008 1910 1096 quaerite
2004 1007 2305 1096 Trojam:
2398 1007 2528 1072 Hic

382 1115 618 1181 domus
697 1125 831 1199 est,
909 1114 1151 1201 inquit,
1231 1112 1450 1179 vobis:
1519 1115 1681 1202 jam
1757 1124 2070 1201 tempus
2144 1114 2275 1198 agi
2350 1119 2534 1180 res“

384 1231 714 1310 sumptum
785 1230 854 1286 et
911 1220 1159 1287 Statius
1226 1221 1294 1288 in
1339 1217 1747 1287 Thebaidem
1816 1219 2149 1284 transtulit
2216 1219 2299 1285 V.
2375 1219 2531 1284 1403

381 1329 584 1415 „quin
601 1376 620 1410 ,
672 1349 710 1393 o
756 1328 1067 1409 miserae,
1133 1325 1282 1391 dum
1347 1334 1666 1412 tempus
1726 1326 1854 1410 agi
1898 1347 2092 1409 rem,
2144 1323 2533 1392 Consulite“

385 1433 498 1522 (cf.
546 1432 666 1500 Sil.
712 1433 902 1500 XVI.
964 1432 1122 1497 615:
1191 1429 1431 1498 stimuli
1491 1430 1546 1498 si
1600 1429 1814 1496 laudis
1872 1440 2124 1518 agunt
2180 1429 2409 1518 nos“)
2470 1441 2536 1495 et

383 1537 784 1606 OEaudianus
833 1537 1192 1604 aemulatus
1238 1547 1338 1602 est
1381 1537 1459 1603 R.
1506 1537 1691 1604 Pros.
1737 1537 1793 1602 I.
1842 1537 2001 1602 218:
2060 1559 2279 1620 „nunc
2324 1545 2533 1602 matre

381 1653 634 1712 remota
680 1644 916 1733 (Rem
962 1644 1254 1732 peragi
1295 1642 1645 1732 tempus)
1691 1642 1855 1710 fines
1901 1642 2142 1709 invade
2190 1642 2533 1725 Sicanos,“

385 1751 466 1816 de
514 1773 644 1839 quo
690 1772 864 1818 nunc
908 1751 1064 1816 satis
1112 1760 1212 1816 est
1243 1771 1805 1833 commemorasse,
1840 1751 1950 1837 qui
1982 1748 2322 1815 subtiliore
2354 1771 2532 1830 cura,

385 1879 578 1944 quam
625 1854 950 1924 Columna
994 1855 1166 1922 Eun.
1213 1879 1278 1946 p.
1331 1857 1458 1922 122
1504 1857 1924 1924 commentati
1970 1865 2141 1941 sunt,
2188 1855 2536 1923 Barthium

385 1961 590 2028 Theb.
636 1961 680 2026 l.
732 1962 797 2028 d.
845 1986 909 2051 p.
957 1963 1064 2028 96.
1111 1963 1455 2029 Heinsium
1503 1961 1846 2028 Claudian.
1893 1986 1959 2050 p.
1992 1961 2140 2028 560.
2220 1963 2536 2028 Burman-

383 2089 540 2135 num
591 2067 761 2134 Aen.
808 2091 874 2155 p.
923 2069 1053 2134 679
1103 2092 1198 2156 sq.
1244 2067 1901 2156 Peerlkampiumque
1961 2091 2028 2156 p.
2074 2069 2240 2153 3413
2304 2090 2537 2134 conve-

384 2175 672 2242 nientius
717 2176 892 2242 enim
939 2183 1059 2258 est,
1106 2174 1280 2240 unde
1327 2182 1514 2241 tanta
1567 2173 1751 2240 labes
1795 2175 2163 2240 manavisse
2209 2174 2535 2259 videatur,

384 2280 680 2348 indicare
725 2278 885 2348 Silv.
932 2280 1015 2346 V.
1063 2281 1126 2362 2,
1173 2280 1296 2346 38:
1367 2278 1546 2368 quod
1592 2289 1904 2368 tempus
1948 2281 2291 2348 amicum
2336 2282 2538 2348 Frau-

387 2385 649 2454 dibus.‘.‘
695 2386 787 2454 11.
839 2386 901 2470 1,
935 2387 1052 2452 16:
1099 2386 1334 2454 Jamne
1365 2408 1596 2474 preces
1642 2423 1731 2436 —-
1774 2387 1985 2452 fessus
2012 2408 2145 2452 non
2174 2387 2537 2474 indignaris

385 2492 786 2562 amicas?“
829 2494 1134 2580 Denique
1180 2515 1569 2581 quamquam
1615 2493 1855 2576 minor,
1904 2491 2130 2558 similis
2174 2501 2393 2558 tamen
2440 2503 2540 2558 est

383 2597 620 2664 levitas
665 2598 843 2686 apud
874 2599 1224 2665 Horatium
1257 2599 1474 2666 Carm.
1507 2599 1635 2664 ΙΙΙ.
1669 2601 1731 2683 2,
1769 2601 1840 2664 1:
1876 2601 2109 2665 amice
2156 2600 2538 2686 pauperiem

386 2706 572 2790 Ρειίὰα
620 2714 870 2770 temere
917 2705 1425 2792 praeferentium
1476 2705 1711 2770 amici.

567 2810 701 2876 Sed
759 2833 842 2876 ne
891 2810 1048 2898 quid
1106 2811 1641 2900 praetermissum
1694 2821 1913 2899 putes,
1972 2810 2411 2878 Marklandus'
2450 2835 2534 2876 ne

387 2914 549 2984 illud
609 2915 875 3004 quidem
921 2926 1133 3000 recte,
1183 2916 1359 3005 quod
1405 2917 1874 3004 „poeticam
1943 2919 2036 2983 ait
2081 2942 2142 3006 p.
2193 2919 2321 2984 407
2370 2917 2540 2984 hanc

389 3020 721 3110 postulare
768 3020 1144 3092 lectionemt
1211 3046 1385 3090 nunc
1438 3032 1731 3110 tempus,
1782 3024 2003 3107 amici,
2066 3061 2153 3074 --
2209 3023 2538 3090 reddere

391 3150 581 3216 opem
629 3150 986 3217 saevasque
1031 3129 1445 3197 exsolvere
1477 3133 1770 3217 grates.“
1840 3128 2317 3196 Contradicunt
2342 3128 2541 3196 Silius

389 3235 513 3301 XI.
563 3235 726 3300 194:
771 3236 963 3302 Nunc
991 3235 1176 3321 hora,
1209 3238 1354 3321 viri,
1385 3259 1586 3304 nunc
1632 3245 1973 3324 tempus:
2004 3235 2314 3319 adeste,
2362 3236 2543 3300 Dum

390 3340 626 3429 Capua
668 3331 941 3428 dignum
959 3392 977 3426 ,
1040 3342 1193 3409 dum
1250 3365 1354 3408 me
1417 3343 1582 3409 duce
1646 3343 1921 3409 dextera
1975 3340 2225 3408 vindex
2268 3339 2542 3408 Molitur

390 3447 690 3514 facinus“
733 3457 802 3513 et
844 3449 1004 3518 397:
1052 3450 1252 3536 agite,
1297 3472 1338 3514 o
1369 3471 1517 3515 mea
1545 3448 1763 3533 turba,
1794 3470 2048 3536 precor,
2091 3469 2306 3512 nunc
2350 3457 2427 3512 te
2443 3471 2542 3512 m·

392 3575 566 3642 pus:
623 3554 916 3620 adeste
983 3555 1078 3622 Et
1123 3555 1393 3642 Tyriam
1446 3555 1695 3645 pubem
1754 3555 1975 3622 tacitis
2032 3555 2289 3622 exurite
2348 3552 2542 3619 telis“

391 3670 461 3726 et
489 3660 796 3728 Valerius
827 3661 1104 3728 Flaccus
1147 3662 1199 3728 Ι.
1235 3662 1396 3728 3063
1445 3663 1791 3751 Tempus
1839 3660 2105 3727 adest:
2154 3681 2279 3744 age
2308 3680 2537 3745 rumpe

393 3771 654 3832 moras“
744 3775 940 3856 atque
1032 3767 1357 3856 Oorippus
1422 3767 1468 3835 J
1473 3791 1665 3835 oann.
1747 3767 1867 3834 VI.
1929 3767 2097 3832 412:
2190 3767 2543 3851 Tempus

395 3872 670 3956 adest,
719 3874 909 3939 socii:
971 3895 1246 3961 prensos
1275 3875 1610 3962 rapiamus
1644 3873 1727 3940 ab
1772 3873 2004 3939 hoste“
2051 3869 2423 3961 (Columell.
2455 3871 2543 3935 X.

401 3979 558 4045 163:
624 3978 776 4046 date
831 4002 1006 4046 nunc
1048 4003 1170 4048 sua
1213 3983 1408 4047 matri
1451 3981 1771 4068 Pignora:
1820 3989 2143 4067 tempus
2201 3977 2541 4056 adest“).

399 4083 519 4150 IV.
574 4085 775 4152 1052:
845 4086 1034 4153 Nunc
1091 4097 1380 4177 tempus:
1449 4089 1762 4177 pretium,
1821 4089 2138 4177 juvenes,
2210 4084 2545 4173 deposcite

395 4189 594 4256 belli“
651 4201 719 4256 et
773 4192 916 4280 ipse
963 4192 1212 4259 Statius
1258 4192 1464 4260 Theb.
1511 4193 1635 4259 XI.
1690 4193 1849 4258 248:
1906 4190 2027 4256 Ille
2075 4197 2299 4257 vocat:
2356 4189 2555 4271 Nun-c,

396 4304 867 4384 tempusderat,
917 4306 1100 4364 sator
1145 4299 1386 4385 optime
1435 4298 1763 4364 ᾶίνιιηιῗα
1810 4301 1993 4386 cujus
2040 4295 2545 4386 ejusdem-haec
2651 4284 2655 4290 ’

397 4404 602 4469 verba
652 4405 806 4470 157:
855 4415 1610 4493 t9n0‚,te.mp31,S-,.Qt.a-t.
1651 4408 1865 4470 -ire
1925 4405 2090 4470 ultro
2146 4405 2547 4490 primamque

2174 4509 2240 4560 ο.
