3234 4967
365 165 452 264 ts,
505 165 628 247 s*

543 1517 724 1660 lue
764 1582 1101 1659 miserum!
1137 1593 1384 1685 (neque
1421 1562 1592 1661 enim
1625 1587 1841 1661 verbis
1878 1586 2279 1662 solemnibus
2319 1585 2479 1664 ultra

543 1705 846 1804 Incipiam
887 1732 1007 1778 nec
1043 1706 1368 1780 Castaliae
1405 1708 1741 1781 vocalibus
1780 1709 1971 1781 undis

543 1823 792 1897 lnfusus
834 1826 1230 1923 Phoeboque
1265 1828 1516 1924 gravis)
1571 1854 1743 1926 quae
1780 1844 2018 1918 vestra,
2053 1852 2348 1918 sororem,

539 1942 763 2042 Orgia,
803 1945 1074 2034 Pieriae,
1111 1971 1277 2042 quas
1317 1946 1775 2018 incestavimus
1813 1942 2019 2019 aras?
2549 2023 2557 2032 ,

541 2063 779 2136 Dicite:
834 2079 985 2162 post
1020 2090 1300 2162 poenam
1339 2065 1534 2139 liceat
1570 2068 1921 2144 commissa
1960 2067 2166 2140 lateri.
2548 2088 2576 2134 3

538 2182 858 2282 Numquid
897 2185 1242 2258 inaccesso
1281 2187 1470 2284 posui
1511 2188 1783 2284 vestigia
1825 2183 2029 2259 luco?

535 2303 700 2374 Num
739 2305 932 2376 vetito
969 2305 1052 2376 de
1089 2305 1264 2377 fonte
1303 2301 1488 2377 bibi?
1527 2331 1697 2403 quae
1734 2305 1947 2404 culpa,
1986 2305 2133 2404 quis
2172 2331 2377 2393 error,

535 2423 742 2509 Quem
781 2422 1039 2513 luimuS,
1078 2419 1342 2496 tantus?
1379 2424 1813 2497 marcentibus
1852 2449 2013 2496 ecce
2052 2423 2316 2496 lacertis

536 2539 806 2618 Viscera
844 2556 1067 2614 nostra
1105 2555 1336 2616 tenens
1373 2543 1785 2641 animamque
1822 2541 2117 2615 avellitur
2152 2543 2361 2614 infans

535 2660 674 2732 Non
715 2661 798 2732 de
835 2661 1038 2758 stirpe
1075 2663 1360 2759 equitum
1401 2687 1522 2733 nec
1559 2663 1669 2759 qui
1711 2687 1853 2734 mea
1892 2658 2389 2734 nomina'l'erret
2517 2681 2578 2731 10

535 2779 830 2878 Oraque:
869 2805 997 2860 non
1036 2781 1280 2852 fueram
1317 2782 1605 2880 genitor3
1640 2784 1760 2854 sed
1798 2783 2046 2854 cernite
2082 2781 2273 2858 fletus

537 2897 973 2998 Liventesque
1005 2923 1214 2998 genas
1252 2915 1318 2974 et
1352 2901 1606 2974 credite·
1639 2900 2031 3000 planctibus,
2068 2902 2245 2974 orbi:

432 3152 640 3209 Mar-kl.
659 3173 705 3208 v.
731 3158 775 3208 1.
813 3155 933 3209 ulla.
1005 3160 1054 3208 2.
1102 3153 1356 3226 lncipiam
1395 3173 1552 3217 nunc,
1595 3155 1873 3210 Castaliae.
1934 3155 1982 3207 3.
2026 3153 2246 3210 Invisus.
2307 3157 2356 3208 8.
2405 3157 2574 3222 Quem

654 3241 845 3297 luimus
883 3246 1040 3297 tantis
1078 3240 1451 3297 moeroribus?
1487 3259 1631 3296 ecce.
1702 3242 1750 3295 9.
1792 3243 1872 3293 10.
1910 3242 2116 3305 intan83
2152 3241 2267 3296 Non
2305 3241 2373 3294 de
2409 3244 2575 3313 stirpe

651 3328 884 3398 quidem,
923 3345 1038 3384 nec.
1097 3330 1176 3382 11.
1214 3327 1404 3383 Orave.
1463 3330 1542 3382 12.
1579 3344 1764 3398 genas,
1790 3335 1843 3381 ct
1866 3325 2068 3381 credite
2096 3327 2412 3396 planctibus,
2440 3329 2577 3390 orbi,

652 3412 831 3469 Orbus
877 3432 994 3484 ego.

443 3598 572 3654 γαν.
637 3601 946 3672 Epicidion
975 3601 1142 3657 Rehd.
1170 3605 1222 3656 in
1250 3604 1472 3657 filium
1499 3599 1646 3672 vulq.
1668 3605 1718 3656 in
1746 3621 1779 3673 p
1803 3621 1833 3657 u
1856 3619 1885 3657 a
1906 3619 1977 3656 ru
2000 3617 2049 3654 m
2077 3617 2255 3654 suum
2296 3597 2465 3654 lecha.
2492 3599 2573 3659 ed.

648 3685 831 3741 Parm.
867 3717 936 3726 -
973 3691 1020 3742 1.
1057 3689 1095 3742 Τ
1127 3707 1155 3743 e
1201 3687 1369 3744 flend.
1395 3689 1532 3742 ulla
1562 3704 1744 3742 omnes
1770 3688 1918 3743 libri.
1948 3688 2125 3742 ultra
2160 3683 2355 3738 Barth.
2394 3684 2573 3740 ’2.1η-.

649 3775 840 3844 cipiam
879 3791 1056 3828 nunc
1089 3773 1236 3844 vulg.
1276 3791 1398 3829 nec
1433 3775 1586 3828 codd.
1627 3793 1703 3829 ne
1730 3775 2065 3828 Gevart.ceu
2098 3773 2273 3824 Barth.
2316 3796 2363 3808 -
2400 3773 2447 3823 3.
2496 3773 2572 3824 ln-

651 3861 818 3912 visus
851 3871 1050 3931 omnes,
1086 3890 1153 3900 --
1189 3863 1238 3914 8.
1269 3863 1465 3914 tantis
1503 3861 1919 3913 moeroribus
1954 3854 2099 3925 ναῖς.
2136 3857 2571 3911 morientibus

647 3944 804 3998 codd.
864 3942 1073 3998 Domit.
1121 3946 1215 4016 (cf.
1258 3943 1457 4016 Imhos.
1496 3945 1560 3998 de
1598 3943 1733 4000 silv.
1786 3943 1931 3997 Stat.
1973 3941 2193 3996 condic.
2234 3938 2367 3996 crit.
2408 3955 2464 4010 p.
2500 3944 2575 4008 8.)

654 4026 834 4084 Parm.
902 4032 1010 4085 lac
1029 4034 1197 4086 ertis
1258 4029 1524 4085 Politian.
1586 4046 1691 4084 om.
1752 4027 1921 4083 Rem.
1983 4029 2031 4082 la
2052 4045 2083 4081 c
2103 4045 2131 4081 e
2152 4045 2179 4080 s
2198 4029 2308 4081 sis
2389 4025 2571 4082 Parm.

649 4115 928 4169 lacessit
982 4115 1092 4170 Vel.
1131 4115 1437 4170 Lindenbr.
1483 4119 1557 4182 (υ.
1596 4116 1812 4170 adnott.
1849 4130 1899 4169 v.
1929 4117 2035 4180 17).
2083 4112 2237 4168 Rom.
2278 4113 2571 4170 latescis.

648 4201 927 4256 lacestis
965 4201 1120 4256 codd.
1157 4217 1248 4273 ap.
1276 4201 1472 4273 Imhof.
1513 4201 1546 4257 l.
1576 4202 1707 4273 ἀρ.
1737 4207 1818 4256 12.
1854 4203 2127 4256 fatiscit
2160 4196 2245 4252 vel
2280 4199 2573 4254 facessit

647 4285 833 4341 Heius.
868 4317 937 4326 -
973 4291 1021 4340 9.
1047 4292 1228 4342 anima
1245 4304 1348 4360 que
1372 4289 1516 4358 vulq.
1542 4292 1791 4344 animam
1808 4305 1911 4360 que
1935 4291 2063 4342 vett.
2090 4285 2241 4339 editt.
2267 4296 2357 4352 ap.
2383 4283 2570 4338 Heius:

649 4370 937 4428 claudian.
968 4371 1090 4444 aas.
1121 4371 1162 4428 I.
1191 4377 1272 4428 37.
1301 4403 1370 4412 -
1409 4378 1488 4429 10.
1539 4373 1727 4444 Stirpe
1762 4377 1911 4446 quid
1930 4385 2021 4428 em
2062 4383 2261 4426 omnes.
2322 4369 2403 4421 12.
2456 4387 2568 4439 pa·

647 4459 954 4513 lantibus
994 4457 1159 4513 noha.
1198 4462 1335 4514 orbi
1374 4476 1573 4514 omnes.
1612 4463 1833 4516 orbum
1864 4461 2048 4514 Heius.
2076 4487 2139 4498 --

2124 4547 2188 4600 10
