3234 4967
1241 394 1534 461 Conjeet.
1569 393 1691 444 XX.
2436 394 2538 445 275

1087 574 1144 617 tu
1181 567 1370 618 blando
1405 572 1610 631 poteras
1647 580 1877 617 sermone
1911 566 2118 627 mederi,

823 654 1077 718 Alloquiis
1113 653 1326 703 haerere
1362 652 1459 702 tuis
1497 657 1750 701 secreta
1784 649 1969 701 fideli
2004 652 2103 687 *⁴¹*

824 741 1002 791 Prisca
1035 739 1292 805 puellares
1329 738 1612 787 reverentia
1647 736 1867 785 transilit
1901 751 2063 786 annos

420 846 488 907 id,
525 845 662 909 quod
698 844 831 909 apud
867 842 1102 893 Ovidium
1138 842 1393 891 invenitur
1427 840 1541 894 Art.
1583 838 1701 889 Am.
1737 835 1784 889 I.
1822 840 1920 896 555
1958 844 2008 889 et
2041 839 2164 893 Her.
2202 840 2246 891 1.
2284 842 2408 901 103,
2441 840 2541 889 hoe

423 931 573 981 modo
628 929 922 979 transferret
994 928 1256 993 Alloquiis
1308 927 1518 976 haerere
1575 926 1674 974 tuis
1728 940 1844 975 ceu
1896 940 2018 974 cura
2067 924 2317 975 fidelis“
2386 940 2542 991 quum

421 1023 658 1081 prompte
693 1029 772 1065 res
809 1015 874 1063 sit
908 1022 958 1063 et
989 1013 1041 1063 in
1079 1014 1321 1077 expedito
1357 1012 1528 1077 posita
1562 1011 1779 1059 maxime
1812 1025 1903 1075 per
1936 1009 2197 1061 Heinsium
2232 1011 2293 1061 R.
2319 1010 2462 1062 Pros.
2496 1011 2540 1061 Ι.

419 1100 586 1153 Praef.
625 1102 656 1151 6
694 1112 742 1159 Ρ.
781 1100 878 1151 538
940 1106 992 1148 et
1025 1098 1497 1149 Drakenborchium
1552 1097 1644 1147 Sil.
1681 1094 1775 1147 XI.
1814 1097 1913 1146 326
1966 1107 2017 1155 Ρ.
2054 1096 2151 1146 562
2206 1111 2383 1146 vocum
2438 1108 2542 1146 se·

422 1191 602 1234 creta
661 1193 712 1234 et
771 1198 996 1235 secura
1053 1184 1254 1248 saepius
1289 1189 1681 1248 permutatarum
1718 1187 1893 1241 testea,
1952 1181 2091 1230 aliud
2146 1189 2317 1231 tamen
2366 1182 2545 1231 suadet

423 1284 693 1325 consensus
716 1270 956 1319 librorum
994 1268 1288 1319 mirabiliter
1323 1270 1388 1319 ad
1425 1268 1672 1317 tuendum
1706 1267 1864 1317 fideli
1901 1267 2210 1333 conspirans,
2282 1266 2542 1318 Succurrit

424 1364 590 1405 autem
623 1357 746 1407 hoc:

760 1526 773 1537 ‚
861 1472 1120 1537 Alloquiis
1155 1474 1362 1523 haerere
1397 1472 1539 1538 piis.
1611 1470 1717 1523 Sic
1752 1472 1947 1522 corde
1982 1471 2120 1521 fideli

861 1559 1039 1610 Prisca
1073 1559 1326 1624 puellares
1361 1558 1644 1608 reverentia
1678 1557 1893 1607 transilit
1926 1570 2087 1608 annos

425 1687 554 1753 (non
590 1690 797 1740 omnino
835 1688 1072 1738 dissimile
1110 1686 1383 1737 Guillermi
1419 1686 1577 1751 Apul.
1614 1686 1683 1737 V.
1720 1687 1819 1737 348
1854 1687 1996 1738 loco:
2039 1688 2337 1751 promittunt
2371 1701 2545 1738 omnes

425 1790 479 1825 se
529 1776 721 1824 corde
773 1773 962 1824 fideli
999 1798 1062 1809 —-
1099 1773 1286 1823 servire
1339 1764 1621 1838 peratos“).
1691 1771 1763 1823 Ut
1812 1770 1899 1822 Pr.
1956 1771 2108 1823 Cone.
2162 1771 2277 1825 Stil.
2326 1772 2399 1824 11.
2453 1774 2545 1823 31:

427 1859 632 1911 Corde
666 1866 753 1909 tuo
791 1859 1003 1908 delubra
1037 1856 1253 1908 tenens“
1299 1854 1387 1921 (cf.
1425 1857 1601 1907 Burm.
1652 1857 1799 1908 Ovid.
1837 1858 1987 1909 Pont.
2022 1858 2123 1911 111.
2159 1861 2207 1920 6,
2244 1860 2308 1909 26
2344 1872 2391 1919 Ρ.
2430 1859 2545 1912 836.

426 1945 628 1999 Hertzb.
688 1944 842 2010 Prop.
880 1944 949 1995 ΙΙ.
987 1946 1034 2006 9,
1071 1946 1102 1995 6
1154 1956 1201 2005 Ρ.
1243 1945 1356 1995 125.
1427 1942 1633 1998 Gualth.
1672 1944 1830 1993 AleX.
1868 1944 1963 1995 VI.
2004 1946 2100 1997 107
2112 1959 2124 1995 :
2195 1944 2305 1995 Illis
2364 1944 2547 1995 corde

426 2033 608 2081 sedet
663 2026 869 2094 fuga“).
941 2028 1095 2083 Stat.
1149 2030 1313 2081 Theb.
1367 2028 1435 2081 X.
1480 2031 1606 2079 220:
1679 2029 1909 2079 omnibus
1966 2030 2100 2079 idem
2160 2027 2362 2080 Corde
2420 2030 2546 2093 deus

430 2113 683 2178 (Ermold.
718 2115 901 2179 Nigell.
939 2116 1085 2179 Eleg.
1120 2116 1215 2165 48:
1265 2115 1362 2165 Est
1396 2115 1477 2163 cui
1512 2115 1699 2163 corde
1734 2115 1846 2179 pius
1881 2122 2052 2166 noster
2089 2122 2139 2165 et
2173 2115 2336 2165 almus
2372 2114 2547 2165 amor“

430 2199 495 2250 cf.
531 2198 625 2249 Sil.
659 2200 811 2249 XIV.
850 2201 966 2261 531,
1005 2215 1157 2263 quum
1192 2200 1246 2249 in
1281 2199 1441 2249 Theb.
1477 2199 1573 2249 IV.
1609 2201 1713 2249 490
1747 2200 1972 2263 legatum
2021 2198 2221 2266 Quippe
2263 2201 2326 2249 in
2360 2201 2551 2250 corde

430 2282 625 2349 deus“).
693 2285 876 2335 Imhof.
913 2286 965 2334 in
999 2286 1113 2337 Ecl.
1152 2286 1215 2334 ad
1252 2284 1356 2333 Ux.
1397 2286 1461 2334 14
1495 2296 1544 2344 Ρ.
1584 2286 1664 2334 14.
1734 2284 1898 2336 Theb.
1936 2284 2031 2334 VT.
2070 2288 2196 2337 829:
2244 2285 2551 2343 sed-corde

429 2371 628 2421 labores
663 2370 805 2420 Ante
841 2370 966 2419 alios
1001 2377 1109 2420 erat
1143 2376 1296 2419 uncta
1331 2370 1496 2435 pale·‘,
1534 2384 1684 2433 quem
1708 2369 1877 2420 locum
1903 2370 2106 2433 gravius
2132 2372 2359 2436 corrupit
2374 2369 2550 2420 Mark-

425 2457 611 2507 landus
647 2456 772 2515 silv.
813 2454 876 2505 V.
915 2456 962 2517 3,
1001 2456 1065 2506 93
1102 2467 1151 2515 Ρ.
1189 2456 1287 2506 383
1323 2455 1423 2505 hoc
1459 2456 1638 2505 modo:
1676 2456 1759 2505 sed
1798 2470 1945 2505 cara
1978 2456 2179 2506 labores
2215 2456 2357 2506 Ante
2390 2455 2555 2511 alios“

427 2539 512 2592 hic
550 2556 752 2608 quoque
791 2548 1113 2592 consectatus
1147 2555 1323 2591 vocem
1379 2534 1444 2590 ud
1494 2541 1687 2591 nullius
1740 2541 1935 2590 librarii
1976 2540 2207 2591 fraudem
2245 2541 2601 2606 expositam...

426 2627 613 2677 Levius
648 2636 738 2688 est,
777 2627 913 2691 quod
948 2627 1163 2691 primum
1219 2640 1284 2675 se
1333 2626 1386 2675 in
1422 2628 1512 2675 sic
1549 2628 1776 2676 converti
1836 2624 1925 2689 (B.
1962 2624 2073 2677 Get.
2111 2629 2237 2678 411:
2306 2642 2370 2677 se
2426 2642 2552 2677 voce

428 2721 623 2777 regunt.
695 2711 864 2762 Oxou.
900 2714 992 2762 sic
1026 2711 1194 2776 voce),
1231 2712 1413 2761 deinde
1449 2712 1573 2761 tuis
1602 2712 1731 2776 jussi
1769 2726 1880 2763 esse
1916 2714 2064 2778 piis:
2099 2712 2199 2763 hoc
2236 2713 2368 2763 enim
2403 2728 2551 2774 „cen-

427 2800 522 2848 ties
558 2813 591 2847 a
625 2799 839 2849 librariis
874 2799 927 2847 in
962 2813 1154 2859 meuc,
1191 2804 1362 2858 tune,
1398 2812 1546 2848 suus
1583 2798 2005 2848 transmutatum“
2052 2800 2193 2849 novit
2226 2798 2551 2850 Burmannus

426 2884 620 2934 Lucan.
656 2884 700 2934 Ι.
738 2885 830 2933 111
873 2895 921 2943 Ρ.
964 2885 1042 2935 15.
1112 2883 1180 2934 V.
1218 2885 1318 2933 310
1369 2899 1420 2948 p.
1457 2884 1554 2934 328
1610 2889 1661 2933 et
1696 2882 1843 2934 ovid.
1878 2883 2007 2935 Met.
2042 2885 2166 2937 VH.
2206 2888 2303 2936 172
2348 2898 2397 2946 Ρ.
2432 2886 2551 2938 465.

424 2968 576 3023 Pont.
612 2969 711 3020 III.
753 2970 799 3031 1,
837 2972 902 3019 10
938 2981 987 3028 Ρ.
1023 2971 1146 3032 81ος
1201 2968 1384 3017 vocula
1435 2983 1552 3033 que
1587 2968 1820 3033 quidem:
1872 2968 2253 3036 Alloquiisque
2304 2970 2551 3021 haerere“

423 3070 529 3106 non
565 3054 726 3118 magis
761 3052 846 3103 hic
882 3070 1011 3119 opus
1050 3061 1140 3115 est,
1195 3069 1362 3119 quam,
1415 3061 1472 3103 ut
1505 3055 1606 3104 hoc
1655 3060 1769 3104 utar
1804 3054 2057 3121 exemplo,
2110 3056 2245 3120 apud
2280 3054 2552 3120 Virgilium

424 3140 560 3191 Aen.
594 3139 693 3194 ΙΙΙ.
731 3141 858 3192 233:
901 3130 1142 3205 praedam
1177 3141 1390 3205 pedibus
1437 3140 1875 3190 circumvolat·
1918 3141 2087 3203 uncis,
2150 3140 2407 3191 Polluit
2446 3155 2550 3191 ore

428 3225 635 3290 dapes.“
705 3225 780 3275 At
813 3227 968 3291 longe
1005 3225 1108 3277 alia
1141 3226 1338 3276 ratione
1377 3226 1744 3277 consulendum
1780 3233 1855 3277 est
1889 3227 2057 3277 versui
2092 3227 2156 3277 R.
2180 3226 2327 3280 Pros.
2352 3227 2395 3282 Ι.
2427 3228 2551 3279 1912

423 3311 541 3360 Heu
578 3311 774 3374 quoties
809 3326 1060 3375 praesaga
1093 3311 1213 3360 mali
1248 3311 1460 3363 violavit
1496 3307 1681 3363 oborto
1717 3312 1853 3361 Rore
1888 3312 2071 3375 genas!
2132 3313 2329 3377 quoties
2374 3314 2551 3365 oculos

424 3398 488 3447 ad
524 3402 699 3447 tecta
734 3397 984 3455 retorsit“‚
1039 3397 1122 3459 qui
1157 3397 1210 3445 in
1247 3395 1394 3448 Voss,
1445 3398 1517 3447 sic
1561 3397 1781 3464 scriptus
1818 3403 1990 3450 extat:
2060 3398 2239 3449 oculos
2273 3400 2342 3449 ad
2377 3407 2552 3450 creta

391 3480 675 3535 ·retorsit.“
746 3480 876 3531 Nam
930 3490 1018 3531 aut
1069 3481 1221 3532 fallor
1273 3488 1364 3532 aut
1397 3489 1637 3533 narratur
1672 3482 1825 3534 Ceres
1863 3484 2041 3535 oculos
2076 3498 2245 3550 pone
2280 3486 2550 3537 movisse

427 3565 610 3631 (Theb.
650 3566 692 3620 1.
730 3569 845 3619 547.
907 3563 1140 3631 Conject,
1175 3566 1298 3619 XV.
1359 3565 1422 3618 cf.
1459 3564 1666 3634 Coripp.
1704 3568 1787 3623 J0.
1823 3567 1924 3621 111.
1978 3571 2107 3620 424:
2166 3570 2400 3621 Fortuna
2456 3588 2551 3623 re·

422 3653 617 3704 torsit
652 3653 844 3703 Vultus
885 3662 1033 3702 retro
1088 3652 1256 3703 suos.“
1327 3653 1432 3705 Cic.
1471 3652 1631 3705 Catil.
1659 3653 1729 3707 11.
1776 3655 1829 3714 1,
1866 3657 1924 3705 2:
1983 3664 2317 3720 retorquet
2372 3658 2550 3709 oculos

423 3753 575 3803 saepe
609 3740 673 3789 ad
709 3740 842 3789 hanc
877 3738 1108 3789 urbem.“
1179 3738 1413 3791 Ouwens.
1447 3738 1617 3791 Noctt.
1652 3740 1785 3805 Hag.
1821 3740 1919 3791 111.
1957 3740 1987 3791 3
2024 3757 2075 3807 p.
2112 3742 2211 3793 369
2228 3756 2301 3805 sq.
2340 3740 2549 3795 Gualth.

422 3824 578 3874 Alex.
612 3825 658 3875 Ι.
695 3826 821 3875 271:
881 3824 985 3875 Sed
1038 3826 1210 3875 dulces
1265 3826 1487 3876 oculos
1545 3828 1869 3892 animumque
1912 3828 2179 3892 retorquet
2208 3830 2277 3878 ad
2314 3826 2549 3895 Argos“)

422 3910 530 3960 sive
582 3917 960 3974 respectans
1012 3912 1222 3961 abisse
1276 3910 1464 3975 (Drak.
1513 3909 1604 3961 Sil.
1663 3912 1787 3962 XII.
1826 3914 1923 3964 729
1976 3928 2026 3979 p.
2074 3912 2215 3978 602).
2286 3913 2360 3965 Ut
2412 3916 2550 3980 apud

423 3993 658 4045 Ovidium
698 4004 776 4046 est
812 3996 935 4050 Met.
970 3996 1069 4047 111.
1108 3999 1200 4048 68:
1237 3997 1335 4047 Ille
1372 3997 1548 4047 dolore
1583 3996 1733 4049 ferox
1769 4006 1963 4065 caput
1995 3999 2060 4049 in
2094 4014 2209 4049 sua
2242 4007 2424 4066 terga
2465 4016 2549 4052 re-

421 4081 960 4146 torsitvulneraque
986 4083 1333 4148 adspexit.“
1403 4083 1566 4134 Drak.
1606 4084 1699 4135 Sil.
1735 4084 1832 4136 IX.
1860 4086 1958 4136 507
1993 4102 2044 4151 p.
2069 4086 2185 4136 481.
2224 4083 2355 4137 Stat.
2382 4087 2549 4138 Theb.

421 4166 487 4221 V.
526 4168 650 4218 562:
711 4167 848 4217 colla
904 4168 1102 4219 refusus
1161 4170 1222 4220 In
1259 4174 1477 4234 tergum.
1548 4171 1678 4220 460:
1739 4172 1897 4222 velox
1953 4173 2016 4222 in
2059 4181 2118 4222 te
2132 4188 2241 4237 rga
2274 4173 2551 4224 revolvitur

420 4254 631 4305 annus“.
702 4252 821 4303 Vct.
861 4252 1060 4307 SchoL:
1118 4256 1304 4306 retro.“
1377 4254 1441 4309 cf.
1487 4254 1636 4309 Ovid.
1684 4254 1820 4309 Fast.
1866 4257 1965 4311 111.
2004 4258 2128 4309 161:
2199 4274 2366 4309 moras
2412 4259 2549 4323 solis,

419 4339 576 4403 quibu
600 4338 654 4388 in
677 4352 816 4389 seua
849 4340 1037 4405 signa
1072 4342 1268 4393 rediret.
1306 4342 1451 4392 codd.
1481 4340 1678 4406 aliquot
1712 4356 1929 4407 regna,
1963 4358 2093 4395 unns
2117 4350 2317 4407 terga.
2375 4340 2458 4396 Ac
2481 4342 2548 4394 si-

418 4425 588 4475 milem
639 4426 888 4476 maculam
943 4427 1008 4475 de
1062 4426 1329 4493 Propertio
1384 4428 1604 4493 quodam
1656 4442 1803 4480 versu
1854 4431 2081 4481 nondum
2137 4430 2261 4481 satis
2316 4430 2546 4496 expolito
