3234 4967
691 422 788 469 204
1540 416 1822 479 Conject.
1859 418 1984 467 XII.

689 585 731 642 Ι.
774 592 901 639 717:
949 588 1109 637 falsae
1148 587 1237 636 sed
1294 593 1493 652 captum
1549 588 1717 636 laudis
1755 599 1950 637 amoret
1997 586 2116 649 Te,
2153 602 2299 651 puer,
2347 589 2397 636 in
2434 578 2638 638 nostrae
2677 589 2830 637 durus

688 681 943 723 tormenta
978 680 1215 722 senectae
1252 672 1405 722 Nunc
1441 670 1748 723 lacerat.“
1799 672 1919 722 Seu.
1939 671 2040 736 Ag.
2063 674 2178 722 666.
2227 672 2437 733 Quintil.
2457 674 2603 723 Decl.
2630 673 2779 722 XIV.
2800 675 2834 722 4

688 776 737 823 p.
764 760 879 810 298.
917 758 1044 809 VII.
1086 762 1109 805 1
1153 774 1201 821 p.
1226 759 1323 807 153
1359 756 1424 806 cf.
1464 755 1557 807 Sil.
1578 757 1730 809 VIII.
1771 758 1859 808 25:
1896 758 2119 806 lacerum
2157 758 2305 809 curis.
2343 757 2518 810 Barth,
2556 757 2692 806 Λᾶν.
2719 756 2831 806 LV.

692 847 750 893 11
774 860 824 908 p.
848 844 1004 903 26133
1041 842 1179 891 Dido
1207 848 1377 890 autem
1403 842 1634 890 misera
1668 837 1882 906 patris
1919 842 2239 905 intelligatur
2267 842 2407 901 mira,
2446 856 2595 904 quam
2620 848 2834 890 venator

688 944 811 993 prae
847 944 901 977 se
938 928 1123 985 ferret,
1169 930 1327 990 patris
1364 926 1692 975 similitudine
1729 928 2011 987 stimulata,
2058 942 2192 991 quae
2228 921 2352 975 nihil
2401 927 2566 975 adhuc
2602 926 2827 975 Ascanio

690 1014 853 1064 simile
888 1014 952 1061 de
986 1019 1128 1076 patre
1158 1011 1265 1072 ejus
1290 1017 1589 1075 conceptum
1616 1019 2027 1075 conquereretur,
2064 1020 2122 1059 nt
2157 1011 2321 1061 Theb.
2352 1010 2447 1059 IV.
2467 1012 2597 1060 403:
2634 1020 2688 1059 at
2725 1010 2832 1059 mi-

690 1100 823 1147 seri
874 1112 1108 1145 morum
1154 1095 1487 1156 (armorum
1525 1095 1698 1144 Burm.
1749 1096 1811 1144 de
1849 1096 2048 1159 Vectig’‚
2088 1096 2233 1144 Rom.
2269 1096 2366 1144 IV.
2403 1110 2451 1159 p.
2489 1094 2600 1157 40).
2639 1095 2831 1143 laetus

689 1184 806 1231 viri
845 1184 1020 1231 Heius:
1052 1179 1199 1230 ovid,
1229 1180 1354 1227 Met.
1375 1178 1497 1231 VH.
1526 1180 1628 1229 435
1665 1196 1714 1243 p.
1743 1182 1856 1231 501.
1897 1195 2086 1242 aeger
2122 1196 2332 1240 morae,
2372 1181 2584 1244 prolis
2623 1182 2832 1228 adem-

688 1279 789 1316 tae
829 1268 962 1319 Duk2
1002 1266 1139 1313 Flor.
1180 1263 1433 1321 111‚1.7‚9·
1466 1277 1513 1328 p.
1538 1264 1636 1314 577
1675 1265 1738 1314 cf.
1777 1265 1961 1314 Jacob.
2001 1264 2232 1324 Quaestt.
2269 1265 2831 1329 Epie,11.1,3p.·124.

688 1353 883 1401 Verum
921 1352 1020 1398 hoc
1056 1350 1335 1398 machinari
1375 1357 1453 1397 est
1488 1363 1793 1412 quamquam
1831 1348 2050 1399 fortasse
2086 1350 2431 1413 probabiliora
2467 1356 2518 1398 et
2553 1350 2643 1397 illo
2679 1364 2832 1397 voea-

688 1436 835 1494 bulo,
888 1435 1031 1496 cujus
1090 1448 1265 1483 suasor
1310 1435 1510 1482 exstitit
1544 1434 1835 1482 -Dorvillius
1879 1434 2026 1483 Misc.
2073 1432 2219 1484 Obss,
2257 1436 2328 1484 ΙΙ.
2366 1437 2396 1483 2
2439 1451 2490 1499 Ρ.
2519 1436 2642 1484 234:
2693 1434 2832 1495 ·„legi

689 1527 883 1585 posset:
931 1520 1265 1581 miseramque
1314 1520 1442 1582 patri
1487 1518 1777 1567 furia-bat
1812 1518 2027 1568 Elissam
2064 1520 2118 1568 id
2155 1528 2232 1569 est
2267 1534 2436 1568 amore
2473 1520 2630 1582 patris
2666 1518 2831 1567 furere

687 1605 926 1655 faciebat.
980 1602 1115 1651 Sane
1148 1604 1314 1651 Didus
1352 1611 1493 1651 amor
1527 1618 1632 1652 non
1669 1618 1824 1663 amor,
1862 1606 1948 1653 sed
1987 1603 2132 1660 fusm-
2169 1606 2308 1653 erat“
2345 1612 2397 1653 et
2419 1604 2636 1654 inventis
2658 1604 2832 1651 Mark-

689 1691 856 1738 landi:
890 1703 1047 1753 puer
1082 1688 1457 1735 flammabat
1492 1698 1544 1735 et
1578 1688 1862 1738 Duebneri:
1910 1686 2069 1753 puer
2103 1690 2404 1753 flagrabat.“
2474 1687 2580 1737 Nos
2627 1688 2830 1750 quidem

688 1790 792 1824 non
829 1782 1021 1823 temere
1052 1773 1251 1821 eruisse
1286 1773 1519 1821 videmur
1544 1775 1750 1822 verbum
1787 1773 2183 1837 inflagrandi
2221 1775 2293 1823 sic
2317 1774 2607 1823 scribendos
2643 1779 2832 1837 pat-ri

688 1858 1053 1922 flagrabat}

821 1970 825 1979 ·
941 1946 947 1953 ’
1113 1970 1118 1979 ·
1188 1942 1522 2003 miseramque
1554 1951 1720 2005 patre
1755 1944 1819 1991 in
1805 1944 2086 2022 Qabat
2121 1944 2328 1993 Elisam.

689 2028 947 2078 Auctores
984 2027 1051 2075 do
1088 2022 1319 2076 Solinum
1356 2026 1423 2077 V.
1460 2016 1632 2089 p.'15.
1673 2028 1746 2078 D:
1795 2035 2051 2079 sarmenta
2093 2030 2213 2078 licet
2260 2029 2442 2077 viridia
2478 2034 2662 2092 sponte
2712 2044 2832 2077 con-

690 2116 891 2179 cipiunt·
922 2120 975 2161 et
1006 2111 1155 2159 nullo
1202 2109 1595 2173 inflagran-te
1641 2106 1809 2160 halitu
1853 2114 1918 2162 ab
1962 2114 2074 2177 ipso
2121 2115 2326 2163 numine
2366 2113 2431 2161 'fit
2482 2114 2830 2163 accendium.“

690 2198 861 2249 Gloss.
912 2197 1035 2259 Maji
1073 2195 1169 2244 VI.
1207 2212 1258 2259 p.
1295 2196 1422 2245 517:
1478 2196 1914 2259 confraglavit‚
1969 2199 2414 2249 concremavit.“
2485 2196 2657 2248 Gloss.
2709 2198 2825 2247 Lat.

690 2284 852 2335 Paris.
900 2298 951 2346 p.
987 2284 1079 2341 68,
1124 2271 1248 2331 261:
1286 2280 1597 2343 confraglat,
1644 2281 2050 2331 inflammat.“
2087 2299 2136 2346 p.
2179 2285 2301 2342 145,
2355 2284 2478 2332 164:
2533 2284 2827 2346 Flagrat,

688 2370 857 2424 ardet,
895 2365 1069 2417 urit.“
1144 2363 1311 2415 Gloss.
1350 2365 1511 2413 Labb.
1548 2382 1598 2429 p.
1639 2368 1728 2415 76:
1783 2367 1999 2429 magro,
2055 2367 2373 2430 flagratus
2420 2376 2554 2427 sm,
2603 2364 2825 2433 καίομαι.

689 2454 883 2515 Flagro
928 2446 1093 2499 καίω“
1138 2459 1189 2499 et
1235 2450 1493 2514 Hyginum
1546 2452 1678 2513 „qui
1725 2452 2161 2515 conflagravit
2207 2453 2390 2509 active,
2443 2459 2500 2500 ut
2551 2453 2830 2514 loquuntur

690 2536 1029 2599 grammatici,
1085 2535 1295 2598 posuit“
1352 2532 1555 2595 (Barth.
1593 2538 1729 2583 Λᾶν.
1769 2535 1836 2584 X.
1876 2539 1942 2585 20
1977 2552 2026 2600 p.
2061 2536 2190 2599 496)
2245 2545 2295 2585 et
2348 2551 2476 2599 quos
2512 2537 2828 2586 Munckerus

689 2623 719 2671 f.
762 2622 859 2669 179
896 2636 945 2683 p.
984 2622 1083 2669 297
1120 2634 1193 2681 sq.
1243 2619 1455 2680 adjecit,
1508 2618 1614 2670 Cic.
1663 2621 1727 2668 ad
1771 2619 1997 2669 Herenn.
2037 2621 2132 2671 IV.
2174 2624 2262 2672 13:
2317 2623 2434 2672 urbs
2481 2648 2545 2657 —-
2591 2622 2824 2672 incendio

691 2702 1146 2766 conflagrata.“
1213 2701 1370 2765 Apul.
1408 2704 1471 2750 de
1506 2702 1707 2751 Mundo
1744 2720 1792 2767 p.
1814 2706 1936 2754 364:
1973 2703 2198 2755 Orientis
2235 2708 2532 2769 regiones
2569 2707 2828 2757 Phaeton-

689 2791 753 2837 tis
789 2790 934 2837 ruina
968 2814 1035 2823 -
1085 2786 1539 2848 conflagratae
1584 2788 1888 2851 perierunt.“
1977 2790 2150 2839 Schol.
2189 2790 2313 2841 Hor.
2352 2792 2516 2855 Epod.
2540 2791 2593 2841 V
2627 2789 2703 2855 (p.
2723 2792 2821 2841 263

690 2872 895 2937 Cruq.):
933 2878 1121 2920 vestem
1144 2886 1260 2919 cum
1284 2872 1396 2933 ipsa
1420 2878 1471 2919 et
1492 2878 1601 2919 tota
1625 2874 1776 2921 domo
1802 2875 2203 2937 conflagrari
2229 2876 2394 2924 fecit“.
2431 2876 2678 2925 Marcian.
2700 2875 2824 2939 Cap.

694 2958 788 3007 VI.
826 2958 927 3007 576
962 2958 1151 3019 12488:
1186 2956 1558 3021 dispendiaque
1593 2958 1682 3005 lini
1721 2960 1856 3021 perf
1865 2960 2165 3022 lagrata.“
2221 2961 2410 3011 Avien.
2449 2960 2592 3010 Arat.
2629 2960 2825 3009 Phaen.

694 3046 849 3093 1128:
899 3040 1005 3089 Nec
1040 3055 1154 3088 cum
1201 3040 1521 3103 flagi-atas
1566 3038 1800 3091 emittunt
1843 3059 2090 3093 marmora
2127 3042 2380 3106 Chelasf‘
2433 3047 2514 3095 cui
2551 3046 2724 3094 dubito
2761 3060 2827 3092 an

690 3128 863 3177 verius
889 3126 954 3175 sit
978 3126 1147 3175 reddi:
1180 3125 1278 3175 inf
1287 3126 1597 3189 ingratas,
1624 3142 1772 3190 quam
1799 3130 1937 3191 quod
1956 3128 2163 3179 Grotius
2182 3130 2502 3194 Buhliusque
2525 3131 2826 3179 voluerunt:

690 3213 1035 3276 flagrante-s.
1108 3210 1429 3274 Propertium
1466 3219 1637 3259 autem
1675 3212 1717 3260 1.
1759 3214 1837 3272 13,
1875 3215 1966 3263 231
2012 3213 2120 3263 Nec
2163 3215 2234 3263 sie
2280 3216 2553 3265 coelestem
2599 3216 2819 3279 flagrans

692 3311 835 3345 amor
869 3295 1107 3345 Herculis
1143 3294 1324 3344 Heben
1360 3296 1545 3344 sensit“
1581 3298 1756 3344 omitto
1792 3313 1823 3345 a
1857 3297 2149 3348 Munckero
2183 3314 2452 3364 perperam
2493 3300 2720 3349 allatum.
2763 3298 2832 3347 Et

668 3368 767 3431 'his
806 3381 1007 3443 quidem
1044 3379 1274 3428 docuisse
1312 3385 1362 3427 et
1397 3380 1698 3430 stabilivisse
1734 3383 1783 3429 in
1825 3382 2052 3431 Lexidiis
2090 3382 2156 3431 V.
2194 3400 2240 3447 p.
2278 3386 2342 3434 19
2388 3384 2640 3444 videmur,
2691 3384 2829 3446 quod

692 3473 957 3529 optaverat
994 3464 1276 3513 Dorvillius
1311 3463 1346 3512 l.
1386 3466 1435 3513 d.
1473 3481 1523 3528 p.
1561 3467 1688 3515 233:
1744 3466 2113 3526 „Marklandus
2165 3479 2324 3531 negat
2369 3478 2508 3519 reete
2554 3469 2654 3517 dici
2706 3468 2830 3517 fla·

692 3564 881 3613 grare
917 3547 1197 3597 faciebat
1232 3549 1513 3598 Elissam
1548 3550 1706 3612 patri:
1763 3558 1815 3599 at
1849 3549 2172 3600 flammare
2221 3554 2357 3602 idem
2395 3560 2472 3603 est
2514 3554 2646 3615 quod
2703 3552 2829 3602 fla·

690 3647 880 3698 grate
915 3631 1198 3694 facere,“
1234 3648 1397 3697 nuper
1436 3634 1742 3683 Duebnerus
1779 3640 1928 3699 atque
1955 3635 2200 3685 Imhofius
2236 3638 2298 3685 de
2324 3637 2446 3687 silv.
2473 3637 2685 3688 Condic.
2708 3634 2829 3690 crit.

690 3735 741 3783 p.
779 3716 847 3769 24
880 3718 1150 3767 arbitratus
1186 3716 1511 3781 „flagrare
1546 3719 1648 3767 dici
1684 3734 1777 3783 pro
1815 3734 1894 3780 co,
1932 3722 2068 3783 quod
2105 3722 2172 3769 sit
2205 3722 2598 3775 incendere,“
2649 3722 2830 3784 Neque

692 3805 791 3854 hoc
828 3818 932 3852 non
969 3809 1307 3866 congruenter
1329 3801 1481 3853 Statii
1516 3803 1721 3865 ingenio
1759 3812 1811 3853 et
1847 3806 1971 3852 mori
2009 3806 2476 3869 convenienterque
2514 3806 2700 3855 sactum
2739 3814 2829 3866 est,

689 3889 827 3952 quod
850 3887 1107 3937 Ascanius
1143 3887 1385 3937 scribitur
1421 3895 1605 3951 patre
1643 3889 1946 3952 inflagrasse
1977 3888 2194 3939 Elissam
2231 3892 2282 3937 id
2307 3898 2383 3939 est
2417 3891 2706 3949 „nobilibus
2731 3891 2830 3939 illis

690 3973 887 4037 patris
924 3972 1135 4021 notis“
1165 3969 1311 4034 (Sen.
1333 3972 1453 4024 Tro,
1478 3971 1637 4033 1112)
1675 3974 1779 4021 sive
1817 3973 1954 4033 mira,
1991 3989 2091 4036 qua
2127 3982 2283 4022 totum
2318 3984 2517 4037 patrem
2545 3977 2829 4039 exscripsit,

690 4056 1040 4107 similitudine:
1094 4056 1167 4104 sic
1206 4056 1338 4105 enim
1387 4064 1465 4106 est
1506 4057 1560 4104 in
1606 4057 1898 4106 Achilleide
1935 4058 1975 4106 Ι.
2017 4060 2142 4109 165:
2185 4058 2404 4122 plurima
2447 4060 2590 4108 vultu
2627 4060 2832 4107 Mater

632 4168 636 4172 -
688 4141 877 4201 inest‚“
914 4142 1053 4204 quod
1092 4141 1434 4204 explanarunt
1470 4140 1708 4191 Barthius
1743 4158 1793 4204 p.
1817 4142 1950 4191 1624
1985 4157 2058 4204 sq.
2097 4152 2149 4191 et
2184 4142 2426 4193 Heinsius
2465 4141 2733 4192 claudian.
2763 4145 2828 4193 R.

690 4224 833 4275 Pros.
873 4224 942 4275 11.
983 4226 1046 4273 27
1083 4238 1131 4288 p.
1169 4227 1283 4275 574.
1357 4222 1435 4274 Of.
1477 4226 1664 4275 Achill.
1703 4224 1744 4274 Ι.
1783 4226 1909 4275 275:
1954 4227 2120 4275 obstat
2154 4242 2225 4290 ge
2242 4229 2584 4292 nitorque.“
2657 4228 2829 4278 Schol.

692 4308 809 4358 Vet.
846 4324 897 4371 p.
930 4309 1083 4358 1647:
1122 4308 1172 4357 in
1208 4316 1411 4373 pectore
1444 4308 1677 4359 nimirum
1711 4308 1932 4359 Achillis
1967 4312 2033 4361 de
2067 4312 2248 4361 talibus
2285 4325 2482 4377 semper
2517 4310 2828 4377 cogitante.“

689 4392 813 4443 Son.
848 4392 993 4443 Here.
1034 4390 1145 4441 Oet.
1184 4394 1307 4443 389:
1364 4393 1624 4455 Quidquid
1662 4394 1710 4441 in
1749 4395 1894 4443 nobis
1939 4394 2037 4443 suit.
2074 4394 2208 4445 Olim
2256 4396 2493 4458 petitum,
2551 4396 2731 4445 cecidit
2779 4403 2828 4442 et
