<?xml version="1.0" encoding="UTF-8"?>
<!DOCTYPE html PUBLIC "-//W3C//DTD XHTML 1.0 Transitional//EN"
    "http://www.w3.org/TR/xhtml1/DTD/xhtml1-transitional.dtd">
<html xmlns="http://www.w3.org/1999/xhtml" xml:lang="en" lang="en">
 <head>
  <title>
</title>
<meta http-equiv="Content-Type" content="text/html;charset=utf-8" />
  <meta name='ocr-system' content='tesseract 3.04.00' />
  <meta name='ocr-capabilities' content='ocr_page ocr_carea ocr_par ocr_line ocrx_word'/>
</head>
<body>
  <div class='ocr_page' id='page_1' title='image "./ppapiniistatiie00ungegoog_0279.png"; bbox 0 0 3234 4967; ppageno 0'>
   <div class='ocr_carea' id='block_1_1' title="bbox 1201 416 2506 483">
    <p class='ocr_par' dir='ltr' id='par_1_1' title="bbox 1201 416 2506 483">
     <span class='ocr_line' id='line_1_1' title="bbox 1201 416 2506 483; baseline 0 -12"><span class='ocrx_word' id='word_1_1' title='bbox 1201 418 1486 483; x_wconf 75' lang='lat' dir='ltr'>ConJect.</span> <span class='ocrx_word' id='word_1_2' title='bbox 1523 416 1673 470; x_wconf 85' lang='lat' dir='ltr'>XIX.</span> <span class='ocrx_word' id='word_1_3' title='bbox 2410 420 2506 471; x_wconf 82' lang='grc'>271</span> 
     </span>
    </p>
   </div>
   <div class='ocr_carea' id='block_1_2' title="bbox 389 587 2509 745">
    <p class='ocr_par' dir='ltr' id='par_1_2' title="bbox 389 587 2509 745">
     <span class='ocr_line' id='line_1_2' title="bbox 394 587 2509 659; baseline -0.003 -12"><span class='ocrx_word' id='word_1_4' title='bbox 394 596 580 647; x_wconf 87' lang='lat' dir='ltr'>nullius</span> <span class='ocrx_word' id='word_1_5' title='bbox 616 594 824 646; x_wconf 85' lang='lat' dir='ltr'>fuscet</span> <span class='ocrx_word' id='word_1_6' title='bbox 857 587 1203 659; x_wconf 84' lang='lat' dir='ltr'>improbitas.“</span> <span class='ocrx_word' id='word_1_7' title='bbox 1274 590 1418 653; x_wconf 84' lang='lat' dir='ltr'>Quos</span> <span class='ocrx_word' id='word_1_8' title='bbox 1471 590 1612 640; x_wconf 88' lang='lat' dir='ltr'>locos</span> <span class='ocrx_word' id='word_1_9' title='bbox 1667 590 1753 653; x_wconf 87' lang='lat' dir='ltr'>qui</span> <span class='ocrx_word' id='word_1_10' title='bbox 1805 590 2065 655; x_wconf 86' lang='lat' dir='ltr'>praeteriit</span> <span class='ocrx_word' id='word_1_11' title='bbox 2099 590 2336 641; x_wconf 85' lang='lat' dir='ltr'>Barthius</span> <span class='ocrx_word' id='word_1_12' title='bbox 2372 590 2509 641; x_wconf 83' lang='lat' dir='ltr'>Adv.</span> 
     </span>
     <span class='ocr_line' id='line_1_3' title="bbox 389 668 2357 745; baseline -0.002 -14"><span class='ocrx_word' id='word_1_13' title='bbox 389 668 594 733; x_wconf 83' lang='lat' dir='ltr'>XXIII.</span> <span class='ocrx_word' id='word_1_14' title='bbox 633 684 696 732; x_wconf 86' lang='lat'>13</span> <span class='ocrx_word' id='word_1_15' title='bbox 731 694 781 742; x_wconf 86' lang='lat' dir='ltr'>p.</span> <span class='ocrx_word' id='word_1_16' title='bbox 821 682 949 731; x_wconf 89' lang='lat'>1138</span> <span class='ocrx_word' id='word_1_17' title='bbox 987 694 1060 745; x_wconf 89' lang='lat' dir='ltr'>sq.</span> <span class='ocrx_word' id='word_1_18' title='bbox 1096 693 1162 729; x_wconf 89' lang='lat' dir='ltr'>ne</span> <span class='ocrx_word' id='word_1_19' title='bbox 1197 676 1358 729; x_wconf 79' lang='lat' dir='ltr'><strong>Statio</strong></span> <span class='ocrx_word' id='word_1_20' title='bbox 1398 676 1597 740; x_wconf 86' lang='lat' dir='ltr'>quidem</span> <span class='ocrx_word' id='word_1_21' title='bbox 1635 672 1756 730; x_wconf 82' lang='lat' dir='ltr'>silv.</span> <span class='ocrx_word' id='word_1_22' title='bbox 1793 674 1891 725; x_wconf 88' lang='lat'>111.</span> <span class='ocrx_word' id='word_1_23' title='bbox 1925 677 1973 736; x_wconf 90' lang='lat'>4,</span> <span class='ocrx_word' id='word_1_24' title='bbox 2016 677 2080 727; x_wconf 87' lang='grc'>66</span> <span class='ocrx_word' id='word_1_25' title='bbox 2117 676 2357 727; x_wconf 80' lang='lat' dir='ltr'>intendit:</span> 
     </span>
    </p>
   </div>
   <div class='ocr_carea' id='block_1_3' title="bbox 758 804 2138 959">
    <p class='ocr_par' dir='ltr' id='par_1_3' title="bbox 758 804 2138 959">
     <span class='ocr_line' id='line_1_4' title="bbox 1159 804 2094 871; baseline -0.001 -15"><span class='ocrx_word' id='word_1_26' title='bbox 1159 820 1223 856; x_wconf 91' lang='lat' dir='ltr'>ne</span> <span class='ocrx_word' id='word_1_27' title='bbox 1255 805 1420 871; x_wconf 90' lang='lat' dir='ltr'>prima</span> <span class='ocrx_word' id='word_1_28' title='bbox 1453 818 1623 867; x_wconf 71' lang='lat' dir='ltr'>genas,</span> <span class='ocrx_word' id='word_1_29' title='bbox 1648 804 1839 867; x_wconf 79' lang='lat' dir='ltr'>lanugo</span> <span class='ocrx_word' id='word_1_30' title='bbox 1876 805 2094 855; x_wconf 81' lang='lat' dir='ltr'>nitentes</span> 
     </span>
     <span class='ocr_line' id='line_1_5' title="bbox 758 888 2138 959; baseline -0.004 -15"><span class='ocrx_word' id='word_1_31' title='bbox 758 891 1010 959; x_wconf 87' lang='lat' dir='ltr'>Carperet</span> <span class='ocrx_word' id='word_1_32' title='bbox 1047 898 1098 941; x_wconf 82' lang='lat' dir='ltr'>et</span> <span class='ocrx_word' id='word_1_33' title='bbox 1129 892 1376 957; x_wconf 81' lang='lat' dir='ltr'>pulchrae</span> <span class='ocrx_word' id='word_1_34' title='bbox 1411 890 1697 940; x_wconf 82' lang='lat' dir='ltr'>fuscaret</span> <span class='ocrx_word' id='word_1_35' title='bbox 1730 888 1895 953; x_wconf 85' lang='lat' dir='ltr'>gratia</span> <span class='ocrx_word' id='word_1_36' title='bbox 1928 888 2138 939; x_wconf 82' lang='lat' dir='ltr'>formae.</span> 
     </span>
    </p>
   </div>
   <div class='ocr_carea' id='block_1_4' title="bbox 381 1017 2559 3395">
    <p class='ocr_par' dir='ltr' id='par_1_4' title="bbox 383 1017 2541 2621">
     <span class='ocr_line' id='line_1_6' title="bbox 393 1017 2509 1089; baseline -0.003 -16"><span class='ocrx_word' id='word_1_37' title='bbox 393 1025 708 1089; x_wconf 78' lang='lat' dir='ltr'><strong>Quamquam</strong></span> <span class='ocrx_word' id='word_1_38' title='bbox 745 1034 966 1073; x_wconf 88' lang='lat' dir='ltr'>nostrum</span> <span class='ocrx_word' id='word_1_39' title='bbox 1005 1022 1205 1087; x_wconf 87' lang='lat' dir='ltr'>quidem</span> <span class='ocrx_word' id='word_1_40' title='bbox 1235 1020 1480 1083; x_wconf 88' lang='lat' dir='ltr'>judicium</span> <span class='ocrx_word' id='word_1_41' title='bbox 1535 1018 1606 1068; x_wconf 90' lang='lat' dir='ltr'>sic</span> <span class='ocrx_word' id='word_1_42' title='bbox 1641 1017 1761 1079; x_wconf 88' lang='lat' dir='ltr'>fert,</span> <span class='ocrx_word' id='word_1_43' title='bbox 1814 1024 1872 1067; x_wconf 89' lang='lat' dir='ltr'>ut</span> <span class='ocrx_word' id='word_1_44' title='bbox 1904 1018 2021 1067; x_wconf 88' lang='lat' dir='ltr'>hinc</span> <span class='ocrx_word' id='word_1_45' title='bbox 2057 1017 2341 1067; x_wconf 85' lang='lat' dir='ltr'>tollendum</span> <span class='ocrx_word' id='word_1_46' title='bbox 2378 1018 2509 1067; x_wconf 88' lang='lat' dir='ltr'>arbi-</span> 
     </span>
     <span class='ocr_line' id='line_1_7' title="bbox 388 1101 2509 1185; baseline -0.003 -25"><span class='ocrx_word' id='word_1_47' title='bbox 388 1118 578 1161; x_wconf 90' lang='lat' dir='ltr'>tremur</span> <span class='ocrx_word' id='word_1_48' title='bbox 612 1110 834 1168; x_wconf 84' lang='lat' dir='ltr'>verbum,</span> <span class='ocrx_word' id='word_1_49' title='bbox 872 1111 934 1157; x_wconf 88' lang='lat' dir='ltr'>de</span> <span class='ocrx_word' id='word_1_50' title='bbox 971 1123 1072 1173; x_wconf 90' lang='lat' dir='ltr'>quo</span> <span class='ocrx_word' id='word_1_51' title='bbox 1109 1105 1286 1159; x_wconf 80' lang='lat' dir='ltr'>dedita</span> <span class='ocrx_word' id='word_1_52' title='bbox 1308 1120 1464 1170; x_wconf 88' lang='lat' dir='ltr'>opera</span> <span class='ocrx_word' id='word_1_53' title='bbox 1499 1103 1851 1185; x_wconf 82' lang='lat' dir='ltr'>quaesivimus</span> <span class='ocrx_word' id='word_1_54' title='bbox 1906 1101 2009 1152; x_wconf 85' lang='lat' dir='ltr'>Sed</span> <span class='ocrx_word' id='word_1_55' title='bbox 2044 1118 2149 1152; x_wconf 90' lang='lat' dir='ltr'>rem</span> <span class='ocrx_word' id='word_1_56' title='bbox 2180 1104 2356 1154; x_wconf 81' lang='lat' dir='ltr'>ordine</span> <span class='ocrx_word' id='word_1_57' title='bbox 2380 1104 2509 1154; x_wconf 89' lang='lat' dir='ltr'>edis-</span> 
     </span>
     <span class='ocr_line' id='line_1_8' title="bbox 389 1186 2510 1258; baseline -0.003 -12"><span class='ocrx_word' id='word_1_58' title='bbox 389 1210 629 1246; x_wconf 87' lang='lat' dir='ltr'>seramus.</span> <span class='ocrx_word' id='word_1_59' title='bbox 683 1192 750 1241; x_wconf 88' lang='lat' dir='ltr'>Et</span> <span class='ocrx_word' id='word_1_60' title='bbox 772 1194 986 1258; x_wconf 87' lang='lat' dir='ltr'>primum</span> <span class='ocrx_word' id='word_1_61' title='bbox 1012 1193 1217 1256; x_wconf 88' lang='lat' dir='ltr'>quidem</span> <span class='ocrx_word' id='word_1_62' title='bbox 1241 1206 1347 1241; x_wconf 89' lang='lat' dir='ltr'>non</span> <span class='ocrx_word' id='word_1_63' title='bbox 1372 1188 1699 1239; x_wconf 83' lang='lat' dir='ltr'>mediocriter</span> <span class='ocrx_word' id='word_1_64' title='bbox 1721 1186 1939 1236; x_wconf 84' lang='lat' dir='ltr'>Fallitur</span> <span class='ocrx_word' id='word_1_65' title='bbox 1962 1187 2298 1239; x_wconf 86' lang='lat' dir='ltr'>Marklandus</span> <span class='ocrx_word' id='word_1_66' title='bbox 2336 1205 2510 1255; x_wconf 88' lang='lat' dir='ltr'>quam-</span> 
     </span>
     <span class='ocr_line' id='line_1_9' title="bbox 387 1273 2509 1342; baseline -0.002 -11.925"><span class='ocrx_word' id='word_1_67' title='bbox 387 1282 476 1342; x_wconf 90' lang='lat' dir='ltr'>vis,</span> <span class='ocrx_word' id='word_1_68' title='bbox 503 1288 558 1329; x_wconf 92' lang='lat' dir='ltr'>ut</span> <span class='ocrx_word' id='word_1_69' title='bbox 581 1280 794 1340; x_wconf 85' lang='lat' dir='ltr'>videtur,</span> <span class='ocrx_word' id='word_1_70' title='bbox 831 1277 1096 1327; x_wconf 84' lang='lat' dir='ltr'>Huschkio</span> <span class='ocrx_word' id='word_1_71' title='bbox 1122 1276 1234 1326; x_wconf 83' lang='lat' dir='ltr'>Tib.</span> <span class='ocrx_word' id='word_1_72' title='bbox 1260 1276 1302 1329; x_wconf 93' lang='lat'>1</span> <span class='ocrx_word' id='word_1_73' title='bbox 1329 1278 1376 1335; x_wconf 84' lang='lat'>8,</span> <span class='ocrx_word' id='word_1_74' title='bbox 1405 1276 1467 1324; x_wconf 90' lang='grc'>31</span> <span class='ocrx_word' id='word_1_75' title='bbox 1507 1286 1554 1333; x_wconf 90' lang='grc' dir='ltr'>Ρ.</span> <span class='ocrx_word' id='word_1_76' title='bbox 1592 1275 1707 1333; x_wconf 81' lang='grc'><strong>218,</strong></span> <span class='ocrx_word' id='word_1_77' title='bbox 1743 1286 1910 1338; x_wconf 86' lang='lat' dir='ltr'>nuper</span> <span class='ocrx_word' id='word_1_78' title='bbox 1943 1273 2221 1331; x_wconf 89' lang='lat' dir='ltr'>Duebnero</span> <span class='ocrx_word' id='word_1_79' title='bbox 2257 1275 2509 1337; x_wconf 76' lang='lat' dir='ltr'>laudatuS,</span> 
     </span>
     <span class='ocr_line' id='line_1_10' title="bbox 393 1359 2511 1431; baseline -0.003 -16"><span class='ocrx_word' id='word_1_80' title='bbox 393 1366 478 1431; x_wconf 87' lang='lat' dir='ltr'>qui</span> <span class='ocrx_word' id='word_1_81' title='bbox 537 1380 673 1427; x_wconf 89' lang='lat' dir='ltr'>„non</span> <span class='ocrx_word' id='word_1_82' title='bbox 709 1364 966 1427; x_wconf 86' lang='lat' dir='ltr'>intelligo,</span> <span class='ocrx_word' id='word_1_83' title='bbox 1013 1362 1202 1425; x_wconf 91' lang='lat' dir='ltr'>inquit,</span> <span class='ocrx_word' id='word_1_84' title='bbox 1249 1375 1348 1425; x_wconf 90' lang='lat' dir='ltr'>quo</span> <span class='ocrx_word' id='word_1_85' title='bbox 1385 1374 1536 1409; x_wconf 88' lang='lat' dir='ltr'>sensu</span> <span class='ocrx_word' id='word_1_86' title='bbox 1570 1359 1765 1423; x_wconf 87' lang='lat' dir='ltr'>lanugo</span> <span class='ocrx_word' id='word_1_87' title='bbox 1804 1366 2027 1427; x_wconf 87' lang='lat' dir='ltr'>carpat</span> <span class='ocrx_word' id='word_1_88' title='bbox 2061 1374 2249 1423; x_wconf 85' lang='lat' dir='ltr'>genas:</span> <span class='ocrx_word' id='word_1_89' title='bbox 2309 1362 2511 1410; x_wconf 86' lang='lat' dir='ltr'>vestit</span> 
     </span>
     <span class='ocr_line' id='line_1_11' title="bbox 393 1444 2510 1515; baseline -0.002 -14"><span class='ocrx_word' id='word_1_90' title='bbox 393 1451 597 1515; x_wconf 87' lang='lat' dir='ltr'>quidem</span> <span class='ocrx_word' id='word_1_91' title='bbox 635 1458 686 1499; x_wconf 87' lang='lat' dir='ltr'>et</span> <span class='ocrx_word' id='word_1_92' title='bbox 720 1448 1052 1498; x_wconf 80' lang='lat' dir='ltr'>obumbrat</span> <span class='ocrx_word' id='word_1_93' title='bbox 1085 1460 1269 1511; x_wconf 75' lang='lat' dir='ltr'>genae,</span> <span class='ocrx_word' id='word_1_94' title='bbox 1329 1446 1424 1495; x_wconf 82' lang='lat' dir='ltr'>sed</span> <span class='ocrx_word' id='word_1_95' title='bbox 1483 1459 1751 1510; x_wconf 88' lang='lat' dir='ltr'>carpere</span> <span class='ocrx_word' id='word_1_96' title='bbox 1810 1458 2004 1508; x_wconf 87' lang='lat' dir='ltr'>genas</span> <span class='ocrx_word' id='word_1_97' title='bbox 2056 1444 2159 1493; x_wconf 89' lang='lat' dir='ltr'>alia</span> <span class='ocrx_word' id='word_1_98' title='bbox 2192 1446 2395 1496; x_wconf 90' lang='lat' dir='ltr'>omnino</span> <span class='ocrx_word' id='word_1_99' title='bbox 2430 1461 2510 1496; x_wconf 87' lang='lat' dir='ltr'>res</span> 
     </span>
     <span class='ocr_line' id='line_1_12' title="bbox 387 1529 2513 1596; baseline -0.002 -11"><span class='ocrx_word' id='word_1_100' title='bbox 387 1543 464 1587; x_wconf 88' lang='lat' dir='ltr'>est</span> <span class='ocrx_word' id='word_1_101' title='bbox 522 1543 574 1585; x_wconf 86' lang='lat' dir='ltr'>et</span> <span class='ocrx_word' id='word_1_102' title='bbox 633 1534 843 1583; x_wconf 84' lang='lat' dir='ltr'>febris</span> <span class='ocrx_word' id='word_1_103' title='bbox 885 1532 968 1582; x_wconf 84' lang='lat' dir='ltr'>vel</span> <span class='ocrx_word' id='word_1_104' title='bbox 1023 1531 1346 1595; x_wconf 88' lang='lat' dir='ltr'>phthisios</span> <span class='ocrx_word' id='word_1_105' title='bbox 1383 1530 1567 1596; x_wconf 88' lang='lat' dir='ltr'>potius,</span> <span class='ocrx_word' id='word_1_106' title='bbox 1627 1544 1776 1594; x_wconf 90' lang='lat' dir='ltr'>quam</span> <span class='ocrx_word' id='word_1_107' title='bbox 1814 1530 2161 1593; x_wconf 78' lang='lat' dir='ltr'>lanuginis,</span> <span class='ocrx_word' id='word_1_108' title='bbox 2198 1556 2261 1566; x_wconf 92' lang='lat'>—-</span> <span class='ocrx_word' id='word_1_109' title='bbox 2299 1529 2513 1596; x_wconf 84' lang='lat' dir='ltr'>Scripsit</span> 
     </span>
     <span class='ocr_line' id='line_1_13' title="bbox 396 1613 2510 1683; baseline -0.004 -10"><span class='ocrx_word' id='word_1_110' title='bbox 396 1622 614 1673; x_wconf 84' lang='lat' dir='ltr'>Statius:</span> <span class='ocrx_word' id='word_1_111' title='bbox 649 1617 810 1683; x_wconf 70' lang='lat' dir='ltr'>gena&#39;s</span> <span class='ocrx_word' id='word_1_112' title='bbox 846 1618 1034 1681; x_wconf 86' lang='lat' dir='ltr'>lanugo</span> <span class='ocrx_word' id='word_1_113' title='bbox 1070 1617 1284 1667; x_wconf 87' lang='lat' dir='ltr'>nitentes</span> <span class='ocrx_word' id='word_1_114' title='bbox 1323 1616 1358 1667; x_wconf 92' lang='lat' dir='ltr'>S</span> <span class='ocrx_word' id='word_1_115' title='bbox 1369 1629 1482 1681; x_wconf 89' lang='lat' dir='ltr'>par</span> <span class='ocrx_word' id='word_1_116' title='bbox 1493 1622 1696 1680; x_wconf 90' lang='lat' dir='ltr'>geret.</span> <span class='ocrx_word' id='word_1_117' title='bbox 1766 1614 1909 1665; x_wconf 82' lang='lat' dir='ltr'>Nihil</span> <span class='ocrx_word' id='word_1_118' title='bbox 1945 1615 2180 1665; x_wconf 88' lang='lat' dir='ltr'>certius.“</span> <span class='ocrx_word' id='word_1_119' title='bbox 2246 1613 2510 1665; x_wconf 84' lang='lat' dir='ltr'>Adversus</span> 
     </span>
     <span class='ocr_line' id='line_1_14' title="bbox 392 1684 2541 1771; baseline -0.002 -16"><span class='ocrx_word' id='word_1_120' title='bbox 392 1721 540 1771; x_wconf 89' lang='lat' dir='ltr'>quem</span> <span class='ocrx_word' id='word_1_121' title='bbox 579 1706 665 1769; x_wconf 91' lang='lat' dir='ltr'>qui</span> <span class='ocrx_word' id='word_1_122' title='bbox 701 1705 924 1769; x_wconf 88' lang='lat' dir='ltr'>disputat</span> <span class='ocrx_word' id='word_1_123' title='bbox 957 1702 1057 1752; x_wconf 83' lang='lat' dir='ltr'>his:</span> <span class='ocrx_word' id='word_1_124' title='bbox 1093 1702 1243 1752; x_wconf 87' lang='lat' dir='ltr'>Vrat.</span> <span class='ocrx_word' id='word_1_125' title='bbox 1270 1700 1385 1751; x_wconf 86' lang='lat' dir='ltr'>Par.</span> <span class='ocrx_word' id='word_1_126' title='bbox 1413 1701 1599 1765; x_wconf 85' lang='lat' dir='ltr'>optime</span> <span class='ocrx_word' id='word_1_127' title='bbox 1637 1684 1961 1765; x_wconf 76' lang='lat' dir='ltr'>carperet3</span> <span class='ocrx_word' id='word_1_128' title='bbox 1996 1702 2189 1765; x_wconf 87' lang='lat' dir='ltr'>lanugo</span> <span class='ocrx_word' id='word_1_129' title='bbox 2215 1701 2541 1752; x_wconf 87' lang='lat' dir='ltr'>diffunditur·</span> 
     </span>
     <span class='ocr_line' id='line_1_15' title="bbox 389 1786 2509 1857; baseline -0.001 -17"><span class='ocrx_word' id='word_1_130' title='bbox 389 1791 576 1857; x_wconf 88' lang='lat' dir='ltr'>quasi</span> <span class='ocrx_word' id='word_1_131' title='bbox 633 1790 686 1839; x_wconf 89' lang='lat' dir='ltr'>in</span> <span class='ocrx_word' id='word_1_132' title='bbox 743 1803 925 1853; x_wconf 87' lang='lat' dir='ltr'>genas,</span> <span class='ocrx_word' id='word_1_133' title='bbox 983 1788 1136 1838; x_wconf 88' lang='lat' dir='ltr'>latius</span> <span class='ocrx_word' id='word_1_134' title='bbox 1196 1788 1376 1851; x_wconf 85' lang='lat' dir='ltr'>serpit,</span> <span class='ocrx_word' id='word_1_135' title='bbox 1435 1786 1674 1851; x_wconf 89' lang='lat' dir='ltr'>majorem</span> <span class='ocrx_word' id='word_1_136' title='bbox 1732 1793 1929 1851; x_wconf 88' lang='lat' dir='ltr'>partem</span> <span class='ocrx_word' id='word_1_137' title='bbox 1965 1800 2209 1850; x_wconf 86' lang='lat' dir='ltr'>genarum</span> <span class='ocrx_word' id='word_1_138' title='bbox 2246 1788 2509 1853; x_wconf 87' lang='lat' dir='ltr'>occupat“‚</span> 
     </span>
     <span class='ocr_line' id='line_1_16' title="bbox 390 1868 2510 1940; baseline -0.001 -14"><span class='ocrx_word' id='word_1_139' title='bbox 390 1876 650 1937; x_wconf 85' lang='lat' dir='ltr'>Queckius</span> <span class='ocrx_word' id='word_1_140' title='bbox 685 1890 734 1940; x_wconf 82' lang='lat' dir='ltr'>p.</span> <span class='ocrx_word' id='word_1_141' title='bbox 769 1872 920 1925; x_wconf 87' lang='lat' dir='ltr'>XXI.</span> <span class='ocrx_word' id='word_1_142' title='bbox 957 1874 1163 1924; x_wconf 90' lang='lat' dir='ltr'>omnino</span> <span class='ocrx_word' id='word_1_143' title='bbox 1201 1872 1328 1922; x_wconf 88' lang='lat' dir='ltr'>nihil</span> <span class='ocrx_word' id='word_1_144' title='bbox 1363 1871 1497 1924; x_wconf 82' lang='lat' dir='ltr'>dicit.</span> <span class='ocrx_word' id='word_1_145' title='bbox 1564 1871 1743 1936; x_wconf 72' lang='lat' dir='ltr'>Neque</span> <span class='ocrx_word' id='word_1_146' title='bbox 1776 1871 2018 1922; x_wconf 87' lang='lat' dir='ltr'>Imhofius</span> <span class='ocrx_word' id='word_1_147' title='bbox 2038 1870 2200 1923; x_wconf 82' lang='lat' dir='ltr'>Cond.</span> <span class='ocrx_word' id='word_1_148' title='bbox 2220 1868 2349 1922; x_wconf 84' lang='lat' dir='ltr'>crit.</span> <span class='ocrx_word' id='word_1_149' title='bbox 2374 1888 2423 1937; x_wconf 87' lang='lat' dir='ltr'>p.</span> <span class='ocrx_word' id='word_1_150' title='bbox 2446 1874 2510 1924; x_wconf 95' lang='grc'>29</span> 
     </span>
     <span class='ocr_line' id='line_1_17' title="bbox 385 1954 2509 2024; baseline -0.001 -13"><span class='ocrx_word' id='word_1_151' title='bbox 385 1960 702 2011; x_wconf 83' lang='lat' dir='ltr'>manifestum</span> <span class='ocrx_word' id='word_1_152' title='bbox 740 1959 895 2010; x_wconf 83' lang='lat' dir='ltr'>verbo</span> <span class='ocrx_word' id='word_1_153' title='bbox 933 1956 1240 2024; x_wconf 86' lang='lat' dir='ltr'>carpendi</span> <span class='ocrx_word' id='word_1_154' title='bbox 1274 1956 1508 2023; x_wconf 87' lang='lat' dir='ltr'>praebuit</span> <span class='ocrx_word' id='word_1_155' title='bbox 1541 1958 1889 2021; x_wconf 86' lang='lat' dir='ltr'>patrocinium.</span> <span class='ocrx_word' id='word_1_156' title='bbox 1942 1954 2153 2009; x_wconf 84' lang='lat' dir='ltr'>Scilicet</span> <span class='ocrx_word' id='word_1_157' title='bbox 2185 1973 2363 2022; x_wconf 88' lang='lat' dir='ltr'>parum</span> <span class='ocrx_word' id='word_1_158' title='bbox 2397 1974 2509 2024; x_wconf 91' lang='lat' dir='ltr'>per-</span> 
     </span>
     <span class='ocr_line' id='line_1_18' title="bbox 389 2044 2507 2113; baseline 0 -18"><span class='ocrx_word' id='word_1_159' title='bbox 389 2054 592 2112; x_wconf 87' lang='lat' dir='ltr'>ceptum</span> <span class='ocrx_word' id='word_1_160' title='bbox 628 2045 723 2095; x_wconf 81' lang='lat' dir='ltr'>fuit</span> <span class='ocrx_word' id='word_1_161' title='bbox 760 2045 925 2108; x_wconf 85' lang='lat' dir='ltr'>doctis</span> <span class='ocrx_word' id='word_1_162' title='bbox 960 2045 1242 2104; x_wconf 71' lang='lat' dir='ltr'>hominibus</span> <span class='ocrx_word' id='word_1_163' title='bbox 1295 2045 1350 2093; x_wconf 89' lang='lat' dir='ltr'>id</span> <span class='ocrx_word' id='word_1_164' title='bbox 1385 2044 1631 2107; x_wconf 87' lang='lat' dir='ltr'>loquendi</span> <span class='ocrx_word' id='word_1_165' title='bbox 1682 2057 1871 2107; x_wconf 85' lang='lat' dir='ltr'>genus,</span> <span class='ocrx_word' id='word_1_166' title='bbox 1927 2044 2068 2107; x_wconf 86' lang='lat' dir='ltr'>quod</span> <span class='ocrx_word' id='word_1_167' title='bbox 2121 2044 2294 2093; x_wconf 86' lang='lat' dir='ltr'>adnot.</span> <span class='ocrx_word' id='word_1_168' title='bbox 2330 2046 2507 2113; x_wconf 74' lang='lat' dir='ltr'>Eclog.</span> 
     </span>
     <span class='ocr_line' id='line_1_19' title="bbox 386 2128 2510 2198; baseline 0.001 -19"><span class='ocrx_word' id='word_1_169' title='bbox 386 2146 432 2183; x_wconf 82' lang='lat' dir='ltr'>v.</span> <span class='ocrx_word' id='word_1_170' title='bbox 469 2132 534 2181; x_wconf 88' lang='lat'>33</span> <span class='ocrx_word' id='word_1_171' title='bbox 569 2144 615 2189; x_wconf 83' lang='grc' dir='ltr'>Ρ.</span> <span class='ocrx_word' id='word_1_172' title='bbox 654 2132 718 2181; x_wconf 89' lang='grc'><strong>52</strong></span> <span class='ocrx_word' id='word_1_173' title='bbox 755 2130 1164 2195; x_wconf 89' lang='lat' dir='ltr'>explanavimus;</span> <span class='ocrx_word' id='word_1_174' title='bbox 1218 2129 1302 2192; x_wconf 89' lang='lat' dir='ltr'>qui</span> <span class='ocrx_word' id='word_1_175' title='bbox 1355 2128 1485 2177; x_wconf 89' lang='lat' dir='ltr'>enim</span> <span class='ocrx_word' id='word_1_176' title='bbox 1519 2129 1799 2178; x_wconf 87' lang='lat' dir='ltr'>nitentes</span> <span class='ocrx_word' id='word_1_177' title='bbox 1835 2142 2029 2192; x_wconf 88' lang='lat' dir='ltr'>genas</span> <span class='ocrx_word' id='word_1_178' title='bbox 2080 2128 2324 2193; x_wconf 82' lang='lat' dir='ltr'>lanugine</span> <span class='ocrx_word' id='word_1_179' title='bbox 2372 2134 2510 2198; x_wconf 81' lang='lat' dir='ltr'>carpi</span> 
     </span>
     <span class='ocr_line' id='line_1_20' title="bbox 387 2206 2509 2279; baseline 0.002 -16"><span class='ocrx_word' id='word_1_180' title='bbox 387 2215 573 2279; x_wconf 86' lang='lat' dir='ltr'>scribit,</span> <span class='ocrx_word' id='word_1_181' title='bbox 611 2215 654 2263; x_wconf 87' lang='lat' dir='ltr'>is</span> <span class='ocrx_word' id='word_1_182' title='bbox 690 2216 961 2264; x_wconf 88' lang='lat' dir='ltr'>nitorem</span> <span class='ocrx_word' id='word_1_183' title='bbox 999 2229 1243 2278; x_wconf 83' lang='lat' dir='ltr'>genarum</span> <span class='ocrx_word' id='word_1_184' title='bbox 1282 2214 1456 2278; x_wconf 90' lang='lat' dir='ltr'>carpi</span> <span class='ocrx_word' id='word_1_185' title='bbox 1493 2213 1679 2274; x_wconf 85' lang='lat' dir='ltr'>scribit,</span> <span class='ocrx_word' id='word_1_186' title='bbox 1714 2206 1943 2279; x_wconf 68' lang='lat' dir='ltr'>ut&#39;apud</span> <span class='ocrx_word' id='word_1_187' title='bbox 1979 2212 2157 2264; x_wconf 90' lang='lat' dir='ltr'>Silium</span> <span class='ocrx_word' id='word_1_188' title='bbox 2196 2214 2365 2264; x_wconf 87' lang='lat' dir='ltr'>estX.</span> <span class='ocrx_word' id='word_1_189' title='bbox 2383 2213 2509 2269; x_wconf 81' lang='lat'>400:</span> 
     </span>
     <span class='ocr_line' id='line_1_21' title="bbox 385 2295 2508 2365; baseline 0.002 -16"><span class='ocrx_word' id='word_1_190' title='bbox 385 2300 543 2365; x_wconf 85' lang='lat' dir='ltr'>galeis</span> <span class='ocrx_word' id='word_1_191' title='bbox 579 2314 880 2365; x_wconf 85' lang='lat' dir='ltr'>carpsere</span> <span class='ocrx_word' id='word_1_192' title='bbox 917 2300 1188 2364; x_wconf 77' lang='lat' dir='ltr'>siperbum</span> <span class='ocrx_word' id='word_1_193' title='bbox 1227 2295 1502 2355; x_wconf 77' lang='lat' dir='ltr'>cristarum</span> <span class='ocrx_word' id='word_1_194' title='bbox 1549 2297 1783 2349; x_wconf 85' lang='lat' dir='ltr'>deeus“</span> <span class='ocrx_word' id='word_1_195' title='bbox 1837 2312 1897 2347; x_wconf 91' lang='lat' dir='ltr'>ac</span> <span class='ocrx_word' id='word_1_196' title='bbox 1950 2295 2194 2348; x_wconf 88' lang='lat' dir='ltr'>Senecam</span> <span class='ocrx_word' id='word_1_197' title='bbox 2233 2298 2346 2351; x_wconf 86' lang='lat' dir='ltr'>Oct.</span> <span class='ocrx_word' id='word_1_198' title='bbox 2383 2302 2508 2353; x_wconf 97' lang='grc'><strong>5303</strong></span> 
     </span>
     <span class='ocr_line' id='line_1_22' title="bbox 385 2380 2507 2459; baseline 0.001 -25"><span class='ocrx_word' id='word_1_199' title='bbox 385 2384 635 2435; x_wconf 84' lang='lat' dir='ltr'>Florem</span> <span class='ocrx_word' id='word_1_200' title='bbox 672 2385 865 2436; x_wconf 87' lang='lat' dir='ltr'>decoris</span> <span class='ocrx_word' id='word_1_201' title='bbox 901 2385 1090 2459; x_wconf 85' lang='lat' dir='ltr'>singuli</span> <span class='ocrx_word' id='word_1_202' title='bbox 1127 2390 1402 2449; x_wconf 87' lang='lat' dir='ltr'>carpunt</span> <span class='ocrx_word' id='word_1_203' title='bbox 1437 2382 1575 2433; x_wconf 90' lang='lat' dir='ltr'>dies“</span> <span class='ocrx_word' id='word_1_204' title='bbox 1634 2382 2063 2448; x_wconf 87' lang='lat' dir='ltr'>Prudentiumque</span> <span class='ocrx_word' id='word_1_205' title='bbox 2118 2380 2230 2450; x_wconf 84' lang='grc' dir='ltr'>περὶ</span> <span class='ocrx_word' id='word_1_206' title='bbox 2266 2401 2403 2455; x_wconf 84' lang='grc' dir='ltr'><strong>στεφ.</strong></span> <span class='ocrx_word' id='word_1_207' title='bbox 2438 2387 2507 2441; x_wconf 90' lang='lat' dir='ltr'>X</span> 
     </span>
     <span class='ocr_line' id='line_1_23' title="bbox 387 2456 2507 2534; baseline 0.001 -13"><span class='ocrx_word' id='word_1_208' title='bbox 387 2475 511 2521; x_wconf 89' lang='grc'><strong>1023</strong></span> <span class='ocrx_word' id='word_1_209' title='bbox 570 2471 711 2520; x_wconf 83' lang='grc'><strong>33113</strong></span> <span class='ocrx_word' id='word_1_210' title='bbox 770 2471 954 2521; x_wconf 86' lang='lat' dir='ltr'>deinde</span> <span class='ocrx_word' id='word_1_211' title='bbox 1014 2481 1244 2520; x_wconf 88' lang='lat' dir='ltr'>senectus</span> <span class='ocrx_word' id='word_1_212' title='bbox 1281 2456 1484 2519; x_wconf 80' lang='lat' dir='ltr'>Frontis</span> <span class='ocrx_word' id='word_1_213' title='bbox 1543 2470 1738 2519; x_wconf 88' lang='lat' dir='ltr'>decus</span> <span class='ocrx_word' id='word_1_214' title='bbox 1797 2464 1971 2518; x_wconf 83' lang='lat' dir='ltr'>invida</span> <span class='ocrx_word' id='word_1_215' title='bbox 2018 2478 2195 2534; x_wconf 88' lang='lat' dir='ltr'>carpet</span> <span class='ocrx_word' id='word_1_216' title='bbox 2198 2469 2231 2497; x_wconf 95' lang='lat'>“</span> <span class='ocrx_word' id='word_1_217' title='bbox 2291 2472 2352 2525; x_wconf 90' lang='lat' dir='ltr'>cf.</span> <span class='ocrx_word' id='word_1_218' title='bbox 2391 2472 2507 2529; x_wconf 84' lang='lat' dir='ltr'>Seu.</span> 
     </span>
     <span class='ocr_line' id='line_1_24' title="bbox 383 2550 2508 2621; baseline 0.001 -15"><span class='ocrx_word' id='word_1_219' title='bbox 383 2558 538 2621; x_wconf 89' lang='lat' dir='ltr'>Hipp.</span> <span class='ocrx_word' id='word_1_220' title='bbox 575 2558 704 2607; x_wconf 88' lang='grc'><strong>4763</strong></span> <span class='ocrx_word' id='word_1_221' title='bbox 739 2555 900 2606; x_wconf 89' lang='lat' dir='ltr'>Varia</span> <span class='ocrx_word' id='word_1_222' title='bbox 936 2556 1026 2605; x_wconf 89' lang='lat' dir='ltr'>leti</span> <span class='ocrx_word' id='word_1_223' title='bbox 1060 2570 1263 2621; x_wconf 88' lang='lat' dir='ltr'>genera</span> <span class='ocrx_word' id='word_1_224' title='bbox 1286 2556 1549 2605; x_wconf 86' lang='lat' dir='ltr'>mortalem</span> <span class='ocrx_word' id='word_1_225' title='bbox 1573 2550 1785 2605; x_wconf 85' lang='lat' dir='ltr'>trahunt</span> <span class='ocrx_word' id='word_1_226' title='bbox 1820 2553 2224 2620; x_wconf 76' lang='lat' dir='ltr'>carpuntque</span> <span class='ocrx_word' id='word_1_227' title='bbox 2258 2558 2508 2610; x_wconf 87' lang='lat' dir='ltr'>turbam“</span> 
     </span>
    </p>

    <p class='ocr_par' dir='ltr' id='par_1_5' title="bbox 386 2628 2491 2705">
     <span class='ocr_line' id='line_1_25' title="bbox 386 2628 2491 2705; baseline 0 -12"><span class='ocrx_word' id='word_1_228' title='bbox 386 2642 512 2693; x_wconf 86' lang='lat' dir='ltr'>Stat.</span> <span class='ocrx_word' id='word_1_229' title='bbox 551 2642 673 2693; x_wconf 80' lang='lat' dir='ltr'>Silv.</span> <span class='ocrx_word' id='word_1_230' title='bbox 711 2641 780 2693; x_wconf 93' lang='lat'>11.</span> <span class='ocrx_word' id='word_1_231' title='bbox 819 2644 864 2701; x_wconf 90' lang='lat'>1,</span> <span class='ocrx_word' id='word_1_232' title='bbox 903 2643 1016 2692; x_wconf 89' lang='grc'><strong>140.</strong></span> <span class='ocrx_word' id='word_1_233' title='bbox 1086 2643 1132 2701; x_wconf 89' lang='grc'>6,</span> <span class='ocrx_word' id='word_1_234' title='bbox 1168 2642 1263 2692; x_wconf 87' lang='grc'>793</span> <span class='ocrx_word' id='word_1_235' title='bbox 1300 2641 1661 2705; x_wconf 85' lang='lat' dir='ltr'>carpsitque</span> <span class='ocrx_word' id='word_1_236' title='bbox 1696 2640 1895 2689; x_wconf 88' lang='lat' dir='ltr'>immitis</span> <span class='ocrx_word' id='word_1_237' title='bbox 1932 2641 2135 2691; x_wconf 89' lang='lat' dir='ltr'>adunca</span> <span class='ocrx_word' id='word_1_238' title='bbox 2170 2628 2273 2691; x_wconf 83' lang='lat' dir='ltr'>ora</span> <span class='ocrx_word' id='word_1_239' title='bbox 2308 2645 2491 2696; x_wconf 49' lang='lat' dir='ltr'>manu?</span> 
     </span>
    </p>

    <p class='ocr_par' dir='ltr' id='par_1_6' title="bbox 381 2724 2559 3395">
     <span class='ocr_line' id='line_1_26' title="bbox 385 2724 2507 2787; baseline 0.001 -9"><span class='ocrx_word' id='word_1_240' title='bbox 385 2727 547 2778; x_wconf 84' lang='lat' dir='ltr'>Drak.</span> <span class='ocrx_word' id='word_1_241' title='bbox 587 2728 678 2779; x_wconf 89' lang='lat' dir='ltr'>Sil.</span> <span class='ocrx_word' id='word_1_242' title='bbox 716 2727 786 2777; x_wconf 88' lang='grc' dir='ltr'>Π.</span> <span class='ocrx_word' id='word_1_243' title='bbox 822 2728 922 2777; x_wconf 84' lang='grc'><strong>458</strong></span> <span class='ocrx_word' id='word_1_244' title='bbox 958 2738 1007 2785; x_wconf 92' lang='grc' dir='ltr'>Ρ.</span> <span class='ocrx_word' id='word_1_245' title='bbox 1046 2727 1111 2776; x_wconf 88' lang='grc'>99</span> <span class='ocrx_word' id='word_1_246' title='bbox 1148 2735 1199 2776; x_wconf 89' lang='lat' dir='ltr'>et</span> <span class='ocrx_word' id='word_1_247' title='bbox 1231 2724 2507 2787; x_wconf 76' lang='lat' dir='ltr'>Liv.111.5,1.Burm.va1.F1ace.V11.533</span> 
     </span>
     <span class='ocr_line' id='line_1_27' title="bbox 385 2810 2506 2879; baseline 0.001 -15"><span class='ocrx_word' id='word_1_248' title='bbox 385 2826 438 2873; x_wconf 86' lang='grc' dir='ltr'>Ρ.</span> <span class='ocrx_word' id='word_1_249' title='bbox 475 2815 589 2865; x_wconf 90' lang='grc'><strong>632.</strong></span> <span class='ocrx_word' id='word_1_250' title='bbox 659 2812 848 2877; x_wconf 86' lang='lat' dir='ltr'>Wopk.</span> <span class='ocrx_word' id='word_1_251' title='bbox 887 2810 1062 2862; x_wconf 82' lang='lat' dir='ltr'>Sedul.</span> <span class='ocrx_word' id='word_1_252' title='bbox 1098 2812 1140 2861; x_wconf 95' lang='grc' dir='ltr'>Ι.</span> <span class='ocrx_word' id='word_1_253' title='bbox 1167 2812 1232 2861; x_wconf 92' lang='grc'>24</span> <span class='ocrx_word' id='word_1_254' title='bbox 1272 2824 1317 2871; x_wconf 90' lang='grc' dir='ltr'>Ρ.</span> <span class='ocrx_word' id='word_1_255' title='bbox 1345 2812 1424 2863; x_wconf 88' lang='grc'>38.</span> <span class='ocrx_word' id='word_1_256' title='bbox 1496 2812 1566 2861; x_wconf 84' lang='lat' dir='ltr'>Et</span> <span class='ocrx_word' id='word_1_257' title='bbox 1601 2810 1679 2861; x_wconf 87' lang='lat' dir='ltr'>his</span> <span class='ocrx_word' id='word_1_258' title='bbox 1716 2812 1917 2875; x_wconf 88' lang='lat' dir='ltr'>quidem</span> <span class='ocrx_word' id='word_1_259' title='bbox 1956 2812 2204 2863; x_wconf 91' lang='lat' dir='ltr'>cumulate</span> <span class='ocrx_word' id='word_1_260' title='bbox 2238 2813 2357 2865; x_wconf 88' lang='lat' dir='ltr'>huie</span> <span class='ocrx_word' id='word_1_261' title='bbox 2374 2817 2506 2879; x_wconf 86' lang='lat' dir='ltr'>parti</span> 
     </span>
     <span class='ocr_line' id='line_1_28' title="bbox 387 2888 2507 2967; baseline 0.002 -19"><span class='ocrx_word' id='word_1_262' title='bbox 387 2898 686 2949; x_wconf 86' lang='lat' dir='ltr'>satisfecisse</span> <span class='ocrx_word' id='word_1_263' title='bbox 722 2898 1022 2957; x_wconf 86' lang='lat' dir='ltr'>videremur,</span> <span class='ocrx_word' id='word_1_264' title='bbox 1079 2897 1133 2945; x_wconf 88' lang='lat' dir='ltr'>ni</span> <span class='ocrx_word' id='word_1_265' title='bbox 1169 2897 1515 2962; x_wconf 80' lang='lat' dir='ltr'>scrupulosius</span> <span class='ocrx_word' id='word_1_266' title='bbox 1552 2892 1810 2948; x_wconf 85' lang='lat' dir='ltr'>scrutandi</span> <span class='ocrx_word' id='word_1_267' title='bbox 1844 2897 2189 2948; x_wconf 86' lang='lat' dir='ltr'>necessitatem</span> <span class='ocrx_word' id='word_1_268' title='bbox 2206 2888 2507 2967; x_wconf 56' lang='lat' dir='ltr'>&#39;injungeret</span> 
     </span>
     <span class='ocr_line' id='line_1_29' title="bbox 384 2978 2504 3049; baseline 0 -14"><span class='ocrx_word' id='word_1_269' title='bbox 384 2984 770 3049; x_wconf 83' lang='lat' dir='ltr'>Rehdigeranus</span> <span class='ocrx_word' id='word_1_270' title='bbox 805 2982 956 3045; x_wconf 89' lang='lat' dir='ltr'>liber,</span> <span class='ocrx_word' id='word_1_271' title='bbox 1017 2982 1069 3032; x_wconf 88' lang='lat' dir='ltr'>in</span> <span class='ocrx_word' id='word_1_272' title='bbox 1099 2994 1230 3047; x_wconf 81' lang='lat' dir='ltr'>’quo</span> <span class='ocrx_word' id='word_1_273' title='bbox 1267 2985 1368 3033; x_wconf 89' lang='lat' dir='ltr'>duo</span> <span class='ocrx_word' id='word_1_274' title='bbox 1403 2978 1518 3034; x_wconf 90' lang='lat' dir='ltr'>illa:</span> <span class='ocrx_word' id='word_1_275' title='bbox 1578 2998 1653 3033; x_wconf 83' lang='lat' dir='ltr'>ne</span> <span class='ocrx_word' id='word_1_276' title='bbox 1686 2983 1889 3049; x_wconf 85' lang='lat' dir='ltr'>prima</span> <span class='ocrx_word' id='word_1_277' title='bbox 1946 2989 2062 3033; x_wconf 86' lang='lat' dir='ltr'>sunt</span> <span class='ocrx_word' id='word_1_278' title='bbox 2114 2986 2313 3040; x_wconf 87' lang='lat' dir='ltr'>omissa.</span> <span class='ocrx_word' id='word_1_279' title='bbox 2388 2986 2504 3049; x_wconf 83' lang='lat' dir='ltr'>Quo</span> 
     </span>
     <span class='ocr_line' id='line_1_30' title="bbox 385 3064 2507 3137; baseline 0.001 -15"><span class='ocrx_word' id='word_1_280' title='bbox 385 3064 670 3122; x_wconf 84' lang='lat' dir='ltr'>certissimo</span> <span class='ocrx_word' id='word_1_281' title='bbox 695 3068 882 3119; x_wconf 88' lang='lat' dir='ltr'>indicio</span> <span class='ocrx_word' id='word_1_282' title='bbox 933 3068 1072 3120; x_wconf 85' lang='lat' dir='ltr'>fraus</span> <span class='ocrx_word' id='word_1_283' title='bbox 1129 3083 1299 3119; x_wconf 89' lang='lat' dir='ltr'>eorum</span> <span class='ocrx_word' id='word_1_284' title='bbox 1355 3068 1637 3129; x_wconf 86' lang='lat' dir='ltr'>dilucescit,</span> <span class='ocrx_word' id='word_1_285' title='bbox 1693 3067 1777 3134; x_wconf 89' lang='lat' dir='ltr'>qui</span> <span class='ocrx_word' id='word_1_286' title='bbox 1830 3070 1967 3134; x_wconf 86' lang='lat' dir='ltr'>quod</span> <span class='ocrx_word' id='word_1_287' title='bbox 2002 3084 2034 3117; x_wconf 89' lang='lat' dir='ltr'>a</span> <span class='ocrx_word' id='word_1_288' title='bbox 2066 3070 2328 3137; x_wconf 84' lang='lat' dir='ltr'>plerisque</span> <span class='ocrx_word' id='word_1_289' title='bbox 2362 3089 2507 3132; x_wconf 86' lang='lat' dir='ltr'>usur-</span> 
     </span>
     <span class='ocr_line' id='line_1_31' title="bbox 381 3148 2506 3225; baseline 0.001 -19"><span class='ocrx_word' id='word_1_290' title='bbox 381 3164 557 3223; x_wconf 88' lang='lat' dir='ltr'>patum</span> <span class='ocrx_word' id='word_1_291' title='bbox 591 3156 902 3206; x_wconf 79' lang='lat' dir='ltr'>invenissent</span> <span class='ocrx_word' id='word_1_292' title='bbox 938 3153 1108 3217; x_wconf 87' lang='lat' dir='ltr'>(Cerd.</span> <span class='ocrx_word' id='word_1_293' title='bbox 1145 3154 1290 3220; x_wconf 80' lang='lat' dir='ltr'>Virg.</span> <span class='ocrx_word' id='word_1_294' title='bbox 1328 3155 1464 3205; x_wconf 86' lang='lat' dir='ltr'>Aen.</span> <span class='ocrx_word' id='word_1_295' title='bbox 1488 3154 1556 3205; x_wconf 88' lang='lat' dir='ltr'>X.</span> <span class='ocrx_word' id='word_1_296' title='bbox 1583 3156 1684 3205; x_wconf 82' lang='lat'>324</span> <span class='ocrx_word' id='word_1_297' title='bbox 1717 3166 1765 3215; x_wconf 84' lang='lat' dir='ltr'>p.</span> <span class='ocrx_word' id='word_1_298' title='bbox 1790 3155 1906 3205; x_wconf 84' lang='lat'>459.</span> <span class='ocrx_word' id='word_1_299' title='bbox 1942 3153 2011 3204; x_wconf 85' lang='lat' dir='ltr'>A.</span> <span class='ocrx_word' id='word_1_300' title='bbox 2030 3153 2091 3210; x_wconf 90' lang='grc' dir='ltr'>Β,</span> <span class='ocrx_word' id='word_1_301' title='bbox 2129 3158 2299 3209; x_wconf 87' lang='lat' dir='ltr'>adnot.</span> <span class='ocrx_word' id='word_1_302' title='bbox 2323 3148 2506 3225; x_wconf 68' lang='lat' dir='ltr'>Eclog</span> 
     </span>
     <span class='ocr_line' id='line_1_32' title="bbox 382 3240 2510 3309; baseline 0.002 -18"><span class='ocrx_word' id='word_1_303' title='bbox 382 3258 430 3291; x_wconf 80' lang='lat' dir='ltr'>v.</span> <span class='ocrx_word' id='word_1_304' title='bbox 469 3244 533 3291; x_wconf 88' lang='grc'>29</span> <span class='ocrx_word' id='word_1_305' title='bbox 571 3254 618 3301; x_wconf 84' lang='grc' dir='ltr'>Ρ.</span> <span class='ocrx_word' id='word_1_306' title='bbox 656 3242 736 3292; x_wconf 89' lang='grc'>34.</span> <span class='ocrx_word' id='word_1_307' title='bbox 773 3241 887 3293; x_wconf 85' lang='lat' dir='ltr'>add.</span> <span class='ocrx_word' id='word_1_308' title='bbox 915 3241 1006 3293; x_wconf 89' lang='lat' dir='ltr'>Sil.</span> <span class='ocrx_word' id='word_1_309' title='bbox 1031 3240 1125 3291; x_wconf 89' lang='lat' dir='ltr'>VI.</span> <span class='ocrx_word' id='word_1_310' title='bbox 1161 3244 1282 3292; x_wconf 82' lang='lat'>128:</span> <span class='ocrx_word' id='word_1_311' title='bbox 1317 3242 1523 3307; x_wconf 88' lang='lat' dir='ltr'>primo</span> <span class='ocrx_word' id='word_1_312' title='bbox 1558 3241 1717 3292; x_wconf 88' lang='lat' dir='ltr'>malas</span> <span class='ocrx_word' id='word_1_313' title='bbox 1755 3240 1989 3305; x_wconf 87' lang='lat' dir='ltr'>signabat</span> <span class='ocrx_word' id='word_1_314' title='bbox 2008 3240 2239 3307; x_wconf 87' lang='lat' dir='ltr'>Regulus</span> <span class='ocrx_word' id='word_1_315' title='bbox 2276 3244 2510 3309; x_wconf 79' lang='lat' dir='ltr'>aevo“)</span> 
     </span>
     <span class='ocr_line' id='line_1_33' title="bbox 382 3310 2559 3395; baseline 0.002 -19"><span class='ocrx_word' id='word_1_316' title='bbox 382 3328 483 3376; x_wconf 90' lang='lat' dir='ltr'>huc</span> <span class='ocrx_word' id='word_1_317' title='bbox 521 3324 787 3375; x_wconf 85' lang='lat' dir='ltr'>transferre</span> <span class='ocrx_word' id='word_1_318' title='bbox 820 3328 959 3376; x_wconf 89' lang='lat' dir='ltr'>haud</span> <span class='ocrx_word' id='word_1_319' title='bbox 996 3334 1292 3377; x_wconf 85' lang='lat' dir='ltr'>cunctanter</span> <span class='ocrx_word' id='word_1_320' title='bbox 1329 3327 1448 3377; x_wconf 89' lang='lat' dir='ltr'>olim</span> <span class='ocrx_word' id='word_1_321' title='bbox 1472 3328 1693 3392; x_wconf 86' lang='lat' dir='ltr'>ingressi</span> <span class='ocrx_word' id='word_1_322' title='bbox 1728 3334 1860 3377; x_wconf 87' lang='lat' dir='ltr'>sunt.</span> <span class='ocrx_word' id='word_1_323' title='bbox 1929 3326 2047 3377; x_wconf 77' lang='lat' dir='ltr'>Jam</span> <span class='ocrx_word' id='word_1_324' title='bbox 2070 3330 2350 3391; x_wconf 84' lang='lat' dir='ltr'>quaerenti,</span> <span class='ocrx_word' id='word_1_325' title='bbox 2388 3310 2509 3395; x_wconf 79' lang='lat' dir='ltr'>quid</span> <span class='ocrx_word' id='word_1_326' title='bbox 2552 3322 2559 3328; x_wconf 50' lang='lat'><em>⁶</em></span> 
     </span>
    </p>
   </div>
   <div class='ocr_carea' id='block_1_5' title="bbox 279 3412 2557 3486">
    <p class='ocr_par' dir='ltr' id='par_1_7' title="bbox 279 3412 2557 3486">
     <span class='ocr_line' id='line_1_34' title="bbox 279 3412 2557 3486; baseline 0.002 -24"><span class='ocrx_word' id='word_1_327' title='bbox 279 3446 282 3451; x_wconf 95' lang='lat'>-</span> <span class='ocrx_word' id='word_1_328' title='bbox 385 3412 585 3462; x_wconf 90' lang='lat' dir='ltr'>occulte</span> <span class='ocrx_word' id='word_1_329' title='bbox 621 3412 778 3461; x_wconf 87' lang='lat' dir='ltr'>latere</span> <span class='ocrx_word' id='word_1_330' title='bbox 814 3413 1136 3461; x_wconf 88' lang='lat' dir='ltr'>statuendum</span> <span class='ocrx_word' id='word_1_331' title='bbox 1171 3412 1253 3473; x_wconf 91' lang='lat' dir='ltr'>sit,</span> <span class='ocrx_word' id='word_1_332' title='bbox 1289 3427 1392 3461; x_wconf 88' lang='lat' dir='ltr'>non</span> <span class='ocrx_word' id='word_1_333' title='bbox 1429 3412 1603 3463; x_wconf 87' lang='lat' dir='ltr'>dubito</span> <span class='ocrx_word' id='word_1_334' title='bbox 1638 3414 1737 3463; x_wconf 89' lang='lat' dir='ltr'>hoc</span> <span class='ocrx_word' id='word_1_335' title='bbox 1772 3412 2027 3478; x_wconf 87' lang='lat' dir='ltr'>proferre:</span> <span class='ocrx_word' id='word_1_336' title='bbox 2063 3428 2129 3478; x_wconf 90' lang='lat' dir='ltr'>sp</span> <span class='ocrx_word' id='word_1_337' title='bbox 2144 3429 2241 3465; x_wconf 88' lang='lat' dir='ltr'>ars</span> <span class='ocrx_word' id='word_1_338' title='bbox 2256 3430 2299 3470; x_wconf 81' lang='lat' dir='ltr'>a.</span> <span class='ocrx_word' id='word_1_339' title='bbox 2356 3414 2509 3486; x_wconf 36' lang='lat' dir='ltr'>Quod,</span> <span class='ocrx_word' id='word_1_340' title='bbox 2550 3424 2557 3431; x_wconf 82' lang='lat'>‘</span> 
     </span>
    </p>
   </div>
   <div class='ocr_carea' id='block_1_6' title="bbox 375 3494 2533 4511">
    <p class='ocr_par' dir='ltr' id='par_1_8' title="bbox 375 3494 2533 4511">
     <span class='ocr_line' id='line_1_35' title="bbox 385 3494 2507 3563; baseline 0.002 -15"><span class='ocrx_word' id='word_1_341' title='bbox 385 3498 705 3562; x_wconf 86' lang='lat' dir='ltr'>conjectandi</span> <span class='ocrx_word' id='word_1_342' title='bbox 756 3503 1055 3561; x_wconf 87' lang='lat' dir='ltr'>potestatem</span> <span class='ocrx_word' id='word_1_343' title='bbox 1108 3494 1231 3547; x_wconf 79' lang='lat' dir='ltr'>facit</span> <span class='ocrx_word' id='word_1_344' title='bbox 1278 3498 1442 3562; x_wconf 88' lang='lat' dir='ltr'>ipsum</span> <span class='ocrx_word' id='word_1_345' title='bbox 1493 3498 1631 3548; x_wconf 87' lang='lat' dir='ltr'>istud</span> <span class='ocrx_word' id='word_1_346' title='bbox 1684 3499 1838 3563; x_wconf 87' lang='lat' dir='ltr'>prim</span> <span class='ocrx_word' id='word_1_347' title='bbox 1854 3514 1897 3551; x_wconf 90' lang='lat' dir='ltr'>a.</span> <span class='ocrx_word' id='word_1_348' title='bbox 1942 3497 2199 3562; x_wconf 82' lang='lat' dir='ltr'>.Namque</span> <span class='ocrx_word' id='word_1_349' title='bbox 2256 3507 2306 3549; x_wconf 91' lang='lat' dir='ltr'>et</span> <span class='ocrx_word' id='word_1_350' title='bbox 2356 3517 2507 3553; x_wconf 84' lang='lat' dir='ltr'>voces</span> 
     </span>
     <span class='ocr_line' id='line_1_36' title="bbox 383 3578 2505 3649; baseline 0.003 -18"><span class='ocrx_word' id='word_1_351' title='bbox 383 3584 625 3649; x_wconf 89' lang='lat' dir='ltr'>primus</span> <span class='ocrx_word' id='word_1_352' title='bbox 663 3590 712 3632; x_wconf 92' lang='lat' dir='ltr'>et</span> <span class='ocrx_word' id='word_1_353' title='bbox 745 3596 986 3647; x_wconf 75' lang='lat' dir='ltr'>parvus</span> <span class='ocrx_word' id='word_1_354' title='bbox 1025 3578 1224 3648; x_wconf 87' lang='lat' dir='ltr'>(Burm.</span> <span class='ocrx_word' id='word_1_355' title='bbox 1265 3582 1412 3633; x_wconf 85' lang='lat' dir='ltr'>ovid.</span> <span class='ocrx_word' id='word_1_356' title='bbox 1450 3585 1590 3635; x_wconf 82' lang='lat' dir='ltr'>Fast.</span> <span class='ocrx_word' id='word_1_357' title='bbox 1609 3585 1652 3633; x_wconf 90' lang='lat'>1.</span> <span class='ocrx_word' id='word_1_358' title='bbox 1675 3586 1773 3634; x_wconf 88' lang='lat'>113</span> <span class='ocrx_word' id='word_1_359' title='bbox 1808 3596 1859 3644; x_wconf 92' lang='grc' dir='ltr'>Ρ.</span> <span class='ocrx_word' id='word_1_360' title='bbox 1881 3585 1944 3634; x_wconf 90' lang='grc'><strong>13</strong></span> <span class='ocrx_word' id='word_1_361' title='bbox 1981 3590 2032 3634; x_wconf 89' lang='lat' dir='ltr'>et</span> <span class='ocrx_word' id='word_1_362' title='bbox 2065 3585 2505 3638; x_wconf 85' lang='lat' dir='ltr'>Remm.Palaem.</span> 
     </span>
     <span class='ocr_line' id='line_1_37' title="bbox 385 3664 2506 3735; baseline 0.003 -17"><span class='ocrx_word' id='word_1_363' title='bbox 385 3670 449 3718; x_wconf 90' lang='lat' dir='ltr'>de</span> <span class='ocrx_word' id='word_1_364' title='bbox 484 3667 646 3722; x_wconf 87' lang='lat' dir='ltr'>Pond.</span> <span class='ocrx_word' id='word_1_365' title='bbox 685 3670 749 3718; x_wconf 85' lang='lat'>32</span> <span class='ocrx_word' id='word_1_366' title='bbox 801 3679 856 3729; x_wconf 82' lang='grc' dir='ltr'>Ρ.</span> <span class='ocrx_word' id='word_1_367' title='bbox 888 3668 1004 3718; x_wconf 88' lang='grc'><strong>399.</strong></span> <span class='ocrx_word' id='word_1_368' title='bbox 1076 3668 1345 3718; x_wconf 85' lang='lat' dir='ltr'>Claudian.</span> <span class='ocrx_word' id='word_1_369' title='bbox 1397 3664 1545 3720; x_wconf 88' lang='lat' dir='ltr'>Eutr.</span> <span class='ocrx_word' id='word_1_370' title='bbox 1601 3670 1672 3724; x_wconf 90' lang='grc' dir='ltr'>ΙΙ.</span> <span class='ocrx_word' id='word_1_371' title='bbox 1712 3672 1837 3720; x_wconf 75' lang='grc'><strong>1213</strong></span> <span class='ocrx_word' id='word_1_372' title='bbox 1890 3685 2083 3735; x_wconf 82' lang='lat' dir='ltr'>parva</span> <span class='ocrx_word' id='word_1_373' title='bbox 2136 3671 2291 3735; x_wconf 88' lang='lat' dir='ltr'>quies.</span> <span class='ocrx_word' id='word_1_374' title='bbox 2360 3672 2506 3725; x_wconf 84' lang='lat' dir='ltr'>Leid.</span> 
     </span>
     <span class='ocr_line' id='line_1_38' title="bbox 382 3751 2533 3822; baseline 0.004 -20"><span class='ocrx_word' id='word_1_375' title='bbox 382 3754 610 3820; x_wconf 87' lang='lat' dir='ltr'>prima.</span> <span class='ocrx_word' id='word_1_376' title='bbox 680 3754 782 3803; x_wconf 85' lang='lat' dir='ltr'>VI.</span> <span class='ocrx_word' id='word_1_377' title='bbox 820 3751 971 3803; x_wconf 85' lang='lat' dir='ltr'>Cons.</span> <span class='ocrx_word' id='word_1_378' title='bbox 1008 3754 1144 3804; x_wconf 90' lang='lat' dir='ltr'>Hon.</span> <span class='ocrx_word' id='word_1_379' title='bbox 1182 3755 1282 3805; x_wconf 83' lang='lat'>364</span> <span class='ocrx_word' id='word_1_380' title='bbox 1315 3756 1488 3821; x_wconf 89' lang='lat' dir='ltr'>spatiis</span> <span class='ocrx_word' id='word_1_381' title='bbox 1524 3756 1759 3820; x_wconf 85' lang='lat' dir='ltr'>parvis.</span> <span class='ocrx_word' id='word_1_382' title='bbox 1827 3756 1947 3810; x_wconf 79' lang='lat' dir='ltr'>Jun.</span> <span class='ocrx_word' id='word_1_383' title='bbox 1986 3754 2152 3806; x_wconf 84' lang='lat' dir='ltr'>Oxon.</span> <span class='ocrx_word' id='word_1_384' title='bbox 2188 3757 2403 3822; x_wconf 88' lang='lat' dir='ltr'>primis</span> <span class='ocrx_word' id='word_1_385' title='bbox 2440 3760 2533 3811; x_wconf 63' lang='grc' dir='ltr'>οἱ..</span> 
     </span>
     <span class='ocr_line' id='line_1_39' title="bbox 382 3837 2506 3909; baseline 0.003 -21"><span class='ocrx_word' id='word_1_386' title='bbox 382 3838 544 3893; x_wconf 85' lang='lat' dir='ltr'>Laud.</span> <span class='ocrx_word' id='word_1_387' title='bbox 583 3838 694 3890; x_wconf 88' lang='lat' dir='ltr'>Ser.</span> <span class='ocrx_word' id='word_1_388' title='bbox 733 3842 796 3889; x_wconf 87' lang='grc'><strong>82</strong></span> <span class='ocrx_word' id='word_1_389' title='bbox 855 3855 1108 3904; x_wconf 82' lang='lat' dir='ltr'>parvus.</span> <span class='ocrx_word' id='word_1_390' title='bbox 1180 3841 1314 3890; x_wconf 88' lang='lat' dir='ltr'>Med.</span> <span class='ocrx_word' id='word_1_391' title='bbox 1348 3856 1424 3905; x_wconf 81' lang='lat' dir='ltr'>pr.</span> <span class='ocrx_word' id='word_1_392' title='bbox 1460 3837 1702 3905; x_wconf 86' lang='lat' dir='ltr'>pirrus)</span> <span class='ocrx_word' id='word_1_393' title='bbox 1765 3848 1819 3893; x_wconf 87' lang='lat' dir='ltr'>et</span> <span class='ocrx_word' id='word_1_394' title='bbox 1874 3858 2110 3909; x_wconf 84' lang='lat' dir='ltr'>parvus</span> <span class='ocrx_word' id='word_1_395' title='bbox 2147 3852 2197 3894; x_wconf 88' lang='lat' dir='ltr'>et</span> <span class='ocrx_word' id='word_1_396' title='bbox 2234 3860 2506 3909; x_wconf 86' lang='lat' dir='ltr'>sparsus</span> 
     </span>
     <span class='ocr_line' id='line_1_40' title="bbox 384 3923 2503 3995; baseline 0.003 -20"><span class='ocrx_word' id='word_1_397' title='bbox 384 3923 474 3988; x_wconf 86' lang='lat' dir='ltr'>(de</span> <span class='ocrx_word' id='word_1_398' title='bbox 512 3924 694 3989; x_wconf 88' lang='lat' dir='ltr'>quibus</span> <span class='ocrx_word' id='word_1_399' title='bbox 731 3926 919 3975; x_wconf 89' lang='lat' dir='ltr'>dictum</span> <span class='ocrx_word' id='word_1_400' title='bbox 957 3932 1034 3976; x_wconf 87' lang='lat' dir='ltr'>est</span> <span class='ocrx_word' id='word_1_401' title='bbox 1068 3924 1300 3990; x_wconf 85' lang='lat' dir='ltr'>Conject.</span> <span class='ocrx_word' id='word_1_402' title='bbox 1337 3924 1544 3989; x_wconf 89' lang='lat' dir='ltr'>XVII.)</span> <span class='ocrx_word' id='word_1_403' title='bbox 1594 3926 1725 3977; x_wconf 90' lang='lat' dir='ltr'>inter</span> <span class='ocrx_word' id='word_1_404' title='bbox 1776 3943 1829 3978; x_wconf 89' lang='lat' dir='ltr'>se</span> <span class='ocrx_word' id='word_1_405' title='bbox 1880 3936 2193 3995; x_wconf 85' lang='lat' dir='ltr'>permutatas</span> <span class='ocrx_word' id='word_1_406' title='bbox 2229 3946 2339 3981; x_wconf 86' lang='lat' dir='ltr'>esse</span> <span class='ocrx_word' id='word_1_407' title='bbox 2375 3946 2503 3981; x_wconf 88' lang='lat' dir='ltr'>com-</span> 
     </span>
     <span class='ocr_line' id='line_1_41' title="bbox 383 4010 2509 4079; baseline 0.004 -20"><span class='ocrx_word' id='word_1_408' title='bbox 383 4016 581 4075; x_wconf 77' lang='lat' dir='ltr'>pertum</span> <span class='ocrx_word' id='word_1_409' title='bbox 615 4011 872 4065; x_wconf 85' lang='lat' dir='ltr'>habemus.</span> <span class='ocrx_word' id='word_1_410' title='bbox 946 4010 1239 4077; x_wconf 90' lang='lat' dir='ltr'>Sparsam</span> <span class='ocrx_word' id='word_1_411' title='bbox 1273 4013 1647 4078; x_wconf 82' lang='lat' dir='ltr'>lanuginem</span> <span class='ocrx_word' id='word_1_412' title='bbox 1701 4022 1868 4064; x_wconf 90' lang='lat' dir='ltr'>autem</span> <span class='ocrx_word' id='word_1_413' title='bbox 1906 4016 1977 4065; x_wconf 88' lang='lat' dir='ltr'>sic</span> <span class='ocrx_word' id='word_1_414' title='bbox 2013 4016 2141 4065; x_wconf 81' lang='lat' dir='ltr'>dixit</span> <span class='ocrx_word' id='word_1_415' title='bbox 2176 4015 2393 4079; x_wconf 88' lang='lat' dir='ltr'>Statius,</span> <span class='ocrx_word' id='word_1_416' title='bbox 2451 4026 2509 4067; x_wconf 91' lang='lat' dir='ltr'>ut</span> 
     </span>
     <span class='ocr_line' id='line_1_42' title="bbox 382 4092 2508 4167; baseline 0.004 -23"><span class='ocrx_word' id='word_1_417' title='bbox 382 4092 630 4146; x_wconf 86' lang='lat' dir='ltr'>Valerius</span> <span class='ocrx_word' id='word_1_418' title='bbox 664 4096 880 4147; x_wconf 86' lang='lat' dir='ltr'>Flaccus</span> <span class='ocrx_word' id='word_1_419' title='bbox 904 4096 1000 4152; x_wconf 89' lang='lat' dir='ltr'>IV.</span> <span class='ocrx_word' id='word_1_420' title='bbox 1028 4099 1150 4160; x_wconf 81' lang='lat'>233:</span> <span class='ocrx_word' id='word_1_421' title='bbox 1187 4096 1418 4149; x_wconf 86' lang='lat' dir='ltr'>Vixdum</span> <span class='ocrx_word' id='word_1_422' title='bbox 1455 4094 1604 4149; x_wconf 86' lang='lat' dir='ltr'>etiam</span> <span class='ocrx_word' id='word_1_423' title='bbox 1640 4100 1833 4164; x_wconf 86' lang='lat' dir='ltr'>primae</span> <span class='ocrx_word' id='word_1_424' title='bbox 1870 4110 2281 4165; x_wconf 87' lang='lat' dir='ltr'>spargentem</span> <span class='ocrx_word' id='word_1_425' title='bbox 2318 4103 2372 4153; x_wconf 86' lang='lat' dir='ltr'>si</span> <span class='ocrx_word' id='word_1_426' title='bbox 2384 4118 2508 4167; x_wconf 86' lang='lat' dir='ltr'>gna</span> 
     </span>
     <span class='ocr_line' id='line_1_43' title="bbox 375 4181 2509 4253; baseline 0.004 -22"><span class='ocrx_word' id='word_1_427' title='bbox 375 4181 733 4245; x_wconf 85' lang='lat' dir='ltr'>juventae“</span> <span class='ocrx_word' id='word_1_428' title='bbox 785 4190 835 4232; x_wconf 89' lang='lat' dir='ltr'>et</span> <span class='ocrx_word' id='word_1_429' title='bbox 875 4183 1124 4249; x_wconf 85' lang='lat' dir='ltr'>Virgilius</span> <span class='ocrx_word' id='word_1_430' title='bbox 1177 4184 1304 4237; x_wconf 82' lang='lat' dir='ltr'>Aen.</span> <span class='ocrx_word' id='word_1_431' title='bbox 1341 4185 1412 4234; x_wconf 84' lang='lat' dir='ltr'>V.</span> <span class='ocrx_word' id='word_1_432' title='bbox 1459 4186 1586 4235; x_wconf 84' lang='lat'>416:</span> <span class='ocrx_word' id='word_1_433' title='bbox 1640 4186 1977 4251; x_wconf 87' lang='lat' dir='ltr'>Temporibus</span> <span class='ocrx_word' id='word_1_434' title='bbox 2029 4188 2243 4253; x_wconf 87' lang='lat' dir='ltr'>geminis</span> <span class='ocrx_word' id='word_1_435' title='bbox 2296 4190 2509 4240; x_wconf 87' lang='lat' dir='ltr'>canebat</span> 
     </span>
     <span class='ocr_line' id='line_1_44' title="bbox 381 4269 2505 4340; baseline 0.004 -23"><span class='ocrx_word' id='word_1_436' title='bbox 381 4282 606 4333; x_wconf 90' lang='lat' dir='ltr'>sparsa</span> <span class='ocrx_word' id='word_1_437' title='bbox 641 4270 992 4320; x_wconf 80' lang='lat' dir='ltr'>senectus“</span> <span class='ocrx_word' id='word_1_438' title='bbox 1052 4269 1140 4335; x_wconf 85' lang='lat' dir='ltr'>(cf.</span> <span class='ocrx_word' id='word_1_439' title='bbox 1181 4270 1327 4321; x_wconf 88' lang='lat' dir='ltr'>Ovid.</span> <span class='ocrx_word' id='word_1_440' title='bbox 1363 4270 1488 4322; x_wconf 84' lang='lat' dir='ltr'>Met.</span> <span class='ocrx_word' id='word_1_441' title='bbox 1526 4270 1679 4323; x_wconf 87' lang='lat' dir='ltr'>VIII.</span> <span class='ocrx_word' id='word_1_442' title='bbox 1716 4273 1837 4323; x_wconf 80' lang='lat'>567:</span> <span class='ocrx_word' id='word_1_443' title='bbox 1897 4271 2023 4324; x_wconf 88' lang='lat' dir='ltr'>raris</span> <span class='ocrx_word' id='word_1_444' title='bbox 2076 4274 2184 4337; x_wconf 86' lang='lat' dir='ltr'>jam</span> <span class='ocrx_word' id='word_1_445' title='bbox 2243 4290 2505 4340; x_wconf 88' lang='lat' dir='ltr'>sparsus</span> 
     </span>
     <span class='ocr_line' id='line_1_45' title="bbox 380 4354 2506 4425; baseline 0.002 -20"><span class='ocrx_word' id='word_1_446' title='bbox 380 4362 608 4420; x_wconf 87' lang='lat' dir='ltr'>tempora</span> <span class='ocrx_word' id='word_1_447' title='bbox 661 4356 855 4409; x_wconf 82' lang='lat' dir='ltr'>canis,</span> <span class='ocrx_word' id='word_1_448' title='bbox 870 4356 899 4382; x_wconf 90' lang='lat'>“</span> <span class='ocrx_word' id='word_1_449' title='bbox 969 4356 1157 4411; x_wconf 86' lang='lat' dir='ltr'>Markl.</span> <span class='ocrx_word' id='word_1_450' title='bbox 1213 4356 1334 4408; x_wconf 81' lang='lat' dir='ltr'>silv.</span> <span class='ocrx_word' id='word_1_451' title='bbox 1386 4374 1435 4423; x_wconf 91' lang='lat' dir='ltr'>p.</span> <span class='ocrx_word' id='word_1_452' title='bbox 1474 4354 1614 4425; x_wconf 84' lang='grc'><strong>289).</strong></span> <span class='ocrx_word' id='word_1_453' title='bbox 1682 4357 1864 4424; x_wconf 90' lang='lat' dir='ltr'>Itaque</span> <span class='ocrx_word' id='word_1_454' title='bbox 1924 4359 1996 4410; x_wconf 86' lang='lat' dir='ltr'>sic</span> <span class='ocrx_word' id='word_1_455' title='bbox 2042 4366 2210 4410; x_wconf 86' lang='lat' dir='ltr'>statuo</span> <span class='ocrx_word' id='word_1_456' title='bbox 2244 4360 2506 4410; x_wconf 86' lang='lat' dir='ltr'>librarium</span> 
     </span>
     <span class='ocr_line' id='line_1_46' title="bbox 379 4442 2505 4511; baseline 0.002 -20"><span class='ocrx_word' id='word_1_457' title='bbox 379 4442 559 4503; x_wconf 68' lang='lat' dir='ltr'>Rehd„</span> <span class='ocrx_word' id='word_1_458' title='bbox 619 4444 756 4507; x_wconf 86' lang='lat' dir='ltr'>quod</span> <span class='ocrx_word' id='word_1_459' title='bbox 794 4456 1000 4509; x_wconf 90' lang='lat' dir='ltr'>quoquo</span> <span class='ocrx_word' id='word_1_460' title='bbox 1058 4445 1210 4494; x_wconf 84' lang='lat' dir='ltr'>modo</span> <span class='ocrx_word' id='word_1_461' title='bbox 1271 4445 1630 4509; x_wconf 79' lang='lat' dir='ltr'>depravatum:</span> <span class='ocrx_word' id='word_1_462' title='bbox 1686 4460 1799 4510; x_wconf 90' lang='lat' dir='ltr'>nep</span> <span class='ocrx_word' id='word_1_463' title='bbox 1813 4460 1973 4495; x_wconf 82' lang='lat' dir='ltr'>arva.</span> <span class='ocrx_word' id='word_1_464' title='bbox 2032 4460 2241 4511; x_wconf 89' lang='lat' dir='ltr'>parca.</span> <span class='ocrx_word' id='word_1_465' title='bbox 2301 4453 2505 4510; x_wconf 84' lang='lat' dir='ltr'>parta.</span> 
     </span>
    </p>
   </div>
  </div>
 </body>
</html>
