3234 4967
655 341 751 391 192
1502 336 1799 401 Conject.
1837 338 1932 389 IX.

652 509 875 559 cordia
920 524 1108 559 curae
1144 507 1270 559 Nee
1316 508 1595 559 frontem
1633 510 1761 563 etc.“
1833 508 1978 570 Quae
2035 510 2166 560 enim
2220 512 2391 575 optimi
2437 512 2624 577 quique
2669 512 2785 562 libri

660 595 926 660 praebent:
964 595 1125 645 Rehd.
1152 595 1385 658 longae
1420 596 1807 659 praecordia
1834 610 2042 647 curae.
2081 590 2242 647 Paris.
2281 597 2465 660 cujus
2491 600 2786 662 praecordia

654 695 837 729 curae
852 680 1047 741 ,Parm.
1069 681 1269 743 longe
1289 680 1587 743 praecordia
1612 696 1801 729 curae
1823 678 1901 742 (ut
1919 680 2254 731 Marklandus
2278 683 2413 742 dicit,
2435 692 2487 731 ut
2500 682 2785 743 Queckius:

652 766 826 828 eujus
860 766 1157 830 praecordia
1194 764 1395 827 curae),
1446 766 1589 817 Rom.
1637 766 1824 829 longe
1867 766 2165 829 praecordia
2201 782 2272 815 eu
2281 768 2410 830 jus,
2459 782 2522 817 ea
2557 768 2672 832 quis
2710 772 2788 817 est

652 852 739 915 qui
766 852 843 899 'ad
874 852 1265 915 persuasionem
1302 851 1531 915 apposite
1569 851 1752 899 doceat.
1786 866 1816 898 a
1851 850 2070 901 librariis
2107 852 2302 900 detorta
2333 866 2440 901 esse
2467 868 2532 901 ex
2561 854 2637 913 iis,
2676 854 2786 917 qui-

652 937 905 987 bus=nihil
944 936 1142 1001 planius
1179 940 1315 985 esset
1351 943 1405 985 et
1440 936 1503 984 ad
1540 936 1926 999 intelligendum
1965 938 2214 1001 apertiust
2251 937 2438 1001 Tuque
2473 953 2630 988 nurus
2653 934 2788 987 inter

653 1024 845 1085 longe
880 1016 1341 1086 pulcherrima,
1380 1020 1561 1082 enjus
1596 1020 1714 1071 Non
1753 1018 2002 1091 frpntem“
2035 1023 2132 1071 -?
2194 1022 2338 1083 Quae
2375 1036 2496 1073 vera
2531 1038 2640 1073 esse
2678 1038 2786 1073 cre-

595 1096 600 1101 *
655 1110 893 1159 didcrunt
930 1120 1128 1167 omneS‚
1166 1107 1331 1156 credit
1366 1108 1515 1155 etiam
1552 1106 1824 1166 ImhofiuS,
1871 1108 1956 1171 qui
1993 1110 2240 1156 communi
2280 1109 2438 1159 errori
2475 1124 2658 1159 novum
2697 1112 2786 1159 ad-

660 1195 879 1243 dendum
918 1207 1031 1241 esse
1066 1192 1266 1255 putavit
1304 1192 1365 1241 de
1402 1191 1525 1242 silv.
1565 1192 1776 1245 Condic.
1815 1208 1864 1257 p.
1903 1194 1994 1243 39:
2040 1193 2159 1253 „Ex
2196 1208 2314 1254 uno,
2350 1194 2530 1257 inquit,
2568 1196 2788 1259 margine

656 1282 767 1329 cod.
806 1280 923 1331 Par.
962 1278 1270 1327 restituenda
1305 1292 1425 1327 vera
1460 1278 1617 1328 lectio
1655 1278 2126 1342 placidissima,
2173 1278 2258 1327 ubi
2315 1294 2492 1327 omnes
2523 1280 2698 1328 .codd.
2733 1287 2786 1329 et

660 1366 795 1414 editt.
835 1350 959 1415 rett.
994 1358 1409 1427 praecordia,
1456 1364 1569 1413 edd.
1615 1374 1733 1427 post
1767 1364 1958 1414 Aldum
1995 1380 2172 1415 omnes
2215 1364 2676 1429 pulcherrima,
2726 1366 2790 1413 dc

656 1450 829 1500 anul“
884 1450 1001 1510 Quo
1038 1455 1334 1512 argumento
1372 1447 1457 1512 qui
1494 1449 1666 1510 utitur,
1703 1450 1744 1501 is
1781 1462 1875 1499 nec
1912 1440 2064 1518 γράὒς
2099 1445 2470 1520 καλλιπαρῄους
2505 1450 2568 1499 ab
2597 1450 2789 1514 inclyto

658 1544 813 1601 poeta
850 1535 1111 1583 memorari
1147 1534 1438 1583 recordatus
1476 1542 1553 1583 est
1587 1549 1680 1583 nec
1715 1535 1836 1584 satis
1869 1545 2164 1600 perceptum
2205 1534 2380 1596 habet,
2427 1534 2478 1584 iu
2526 1548 2626 1599 qua
2671 1550 2789 1584 sen-

658 1623 814 1673 tentia
856 1619 1368 1686 pulchritudinis
1413 1620 1714 1669 vocabulum
1751 1620 1869 1683 poni
1904 1620 2106 1671 solitum
2145 1620 2220 1671 sit.
2291 1620 2442 1669 Unde
2487 1620 2691 1680 accidit,
2735 1628 2792 1669 ut

658 1724 723 1757 ne
760 1708 860 1756 boc
896 1706 1103 1769 quidem
1139 1704 1453 1768 perspiceret
1489 1706 1666 1753 vocem
1703 1704 2079 1769 placi-tissima
2107 1702 2204 1774 (sic
2231 1705 2361 1753 enim
2387 1704 2537 1753 scribi
2563 1706 2792 1769 oportuit

660 1792 884 1843 Gronov.
922 1790 1083 1841 Theb.
1120 1788 1245 1838 XII.
1285 1790 1383 1839 302
1420 1802 1469 1854 p.
1510 1789 1630 1853 781)
1667 1792 1732 1838 ab
1771 1804 1832 1839 eo
1871 1792 2152 1855 appositum
2190 1788 2368 1855 fuisse,
2417 1791 2497 1839 cui
2543 1790 2606 1839 de
2651 1792 2790 1840 vocis

659 1878 1093 1943 pulcherrima
1128 1876 1177 1924 vi
1214 1882 1266 1923 et
1300 1888 1396 1923 usu
1432 1870 1664 1937 liqueret'
1687 1875 1750 1925 ef.
1777 1877 1948 1925 Burm.
1971 1875 2112 1939 Virg.
2136 1873 2323 1939 Georg.
2344 1874 2398 1925 11
2418 1892 2465 1941 p.
2487 1878 2588 1927 534
2605 1892 2654 1941 p.
2676 1878 2791 1930 363.

658 1964 844 2014 Paucis
880 1978 980 2011 rem
1018 1961 1187 2010 adhuc
1221 1961 1585 2025 incompertam
1623 1956 1878 2011 definiam.
1953 1961 2174 2011 Tantum
2212 1962 2342 2009 enim
2387 1963 2560 2023 abest,
2609 1968 2666 2011 ut
2709 1956 2806 2012 his*

661 2046 1049 2113 integumentis:
1070 2046 1457 2111 praecordia
1476 2046 1709 2095 curae“
1731 2047 1912 2097 verba:
1931 2046 2362 2111 pulcherrima
2388 2046 2618 2110 eujus“
2637 2056 2790 2112 atque

660 2137 789 2185 adeo
837 2132 1139 2183 vocabulum
1185 2131 1632 2195 placidissima
1675 2131 1824 2181 simul
1869 2141 1920 2181 et
1963 2132 2085 2183 hoe:
2138 2133 2521 2197 praecordia
2574 2140 2626 2181 et
2677 2132 2789 2183 illo:

660 2218 1083 2287 pulcherrima
1116 2217 1401 2266 involutum
1438 2217 1698 2267 delituisse
1733 2226 1988 2267 statuatur
2011 2218 2356 2281 probabiliter,
2393 2226 2451 2267 ut
2475 2225 2614 2268 certa
2637 2233 2790 2281 quae·

660 2309 775 2356 dam
813 2314 1154 2369 agnoscantur
1192 2302 1401 2366 vestigia
1438 2318 1610 2353 versus
1641 2302 1748 2366 jam
1791 2302 1853 2351 de
1897 2304 2064 2353 medio
2111 2304 2310 2353 sublati.
2382 2303 2546 2363 Quem
2592 2316 2791 2353 versum

660 2392 883 2441 collectis
920 2398 971 2439 et
1006 2389 1182 2439 ordine
1218 2388 1421 2451 digestis
1457 2388 1533 2449 iis,
1572 2404 1698 2453 quas
1733 2390 1882 2438 modo
1917 2390 2284 2454 proposuimus,
2328 2389 2557 2453 reliquiis
2594 2390 2788 2439 addito-

662 2493 760 2543 que
798 2492 874 2535 ee,
912 2470 1052 2541 quod
1086 2476 1138 2523 in
1176 2481 1372 2523 vetusto
1410 2474 1582 2523 codice
1617 2489 1711 2539 pro
1749 2481 1996 2524 vertere
2031 2474 2287 2523 inventum
2313 2474 2530 2538 protulit
2548 2470 2786 2523 Heinsius

663 2562 811 2612 Ovid.
849 2560 970 2611 Her.
998 2560 1033 2610 1.
1059 2560 1137 2611 d.:
1175 2568 1460 2619 traxere,
1496 2574 1613 2608 vere
1652 2560 1879 2608 videmur
1913 2560 1964 2608 in
2000 2559 2134 2608 hunc
2170 2561 2370 2609 modum
2399 2560 2790 2611 reconcinnare:

1729 2644 2183 2709 pulcherrima,
2221 2644 2320 2708 cuj
2340 2662 2404 2695 us

844 2731 963 2781 Non
999 2731 1215 2781 frontem
1250 2731 1553 2779 insedere
1590 2731 1773 2791 minae,
1809 2732 2189 2795 praecordia
2225 2746 2418 2780 curae

846 2815 959 2865 Non
995 2831 1232 2880 umquam
1269 2824 1525 2865 traxere
1563 2816 1774 2865 malae.

666 2906 741 2953 Re
779 2904 888 2968 ipsa
917 2902 1023 2964 jam
1062 2900 1379 2950 manifestum
1416 2908 1490 2949 est
1524 2900 1674 2950 simul
1711 2910 1762 2951 et
1799 2916 2034 2951 numeros
2070 2918 2216 2967 pares
2253 2903 2367 2951 illos
2413 2912 2463 2951 et
2511 2904 2654 2965 quasi
2705 2904 2790 2951 de·

664 3004 863 3039 mensos
899 2996 948 3036 ct
984 2976 1256 3038 verborum
1288 2970 1597 3049 singularem
1642 2987 2042 3048 similitudinem,
2081 3002 2180 3051 qua
2223 2986 2354 3051 quac
2397 2990 2518 3038 sede
2559 2988 2792 3053 proxima

670 3082 803 3134 sunt,
840 3073 1059 3123 maxime
1094 3072 1224 3121 inter
1261 3088 1315 3121 se
1350 3071 1598 3121 contineri
1636 3072 1948 3123 viderentur:
1985 3073 2454 3137 pulcherrima:
2491 3088 2790 3138 praecor-

664 3161 795 3221 dia3
830 3158 1041 3221 eujus:
1068 3172 1279 3219 eurae3
1317 3155 1448 3205 Non
1473 3155 1747 3207 frontem:
1781 3155 1900 3205 Non
1927 3172 2224 3221 umquam3
2261 3160 2493 3210 sedere:
2532 3167 2794 3217 traxere3

665 3244 894 3293 minae:
930 3243 1133 3292 malae
1170 3243 1275 3297 sive
1310 3241 1470 3291 mavis
1508 3241 1731 3290 avidae
1769 3241 1852 3303 (ut
1889 3242 2012 3293 silv.
2049 3244 2089 3293 I.
2117 3246 2166 3304 4,
2194 3246 2283 3296 75:
2326 3246 2528 3295 laxare
2566 3246 2795 3295 animos.

666 3330 830 3378 Theb.
868 3328 935 3378 V.
978 3330 1099 3379 105:
1154 3326 1199 3377 Ο
1234 3327 1441 3387 viduae,
1496 3327 1718 3376 firmate
1771 3328 1986 3377 animos.
2036 3330 2150 3379 740.
2187 3330 2282 3380 VI.
2321 3333 2434 3382 915.
2483 3330 2633 3380 VIII.
2671 3332 2771 3381 324

665 3418 932 3479 Pugnaces
968 3412 1169 3463 efflare
1202 3413 1411 3461 animas,
1448 3410 1543 3465 IX.
1574 3414 1686 3466 164.
1724 3412 1790 3463 X.
1813 3415 1926 3464 243.
1963 3414 2057 3466 XI.
2090 3416 2208 3465 126:
2255 3417 2434 3479 Pugna
2469 3417 2667 3466 subest:
2705 3428 2795 3465 au-

666 3503 836 3555 ferte
874 3500 1082 3550 oeulos.
1119 3501 1237 3549 431.
1274 3498 1314 3551 Ι.
1342 3499 1469 3549 482ῑ
1494 3498 1604 3547 -Hie
1623 3500 1836 3563 primum
1875 3500 2120 3550 lustrare
2157 3502 2390 3551 oeulis.‘'
2429 3501 2497 3552 Π.
2519 3502 2664 3562 319),
2699 3500 2796 3551 hoc

666 3587 907 3647 effecisse,
942 3588 1004 3635 ut
1036 3586 1270 3635 binorum
1308 3585 1587 3634 vicinorum
1625 3583 1786 3634 altero
1824 3597 2024 3650 sumpto
2059 3588 2161 3636 dno
2199 3602 2373 3637 versus
2409 3588 2462 3637 in
2500 3588 2646 3637 unius
2681 3588 2796 3637 bre-

666 3676 879 3725 vitatem
916 3680 1312 3723 coarctarentur.
1384 3670 1538 3731 Quod
1573 3670 1707 3719 idem
1745 3666 1912 3721 Theb.
1950 3671 2044 3721 VI.
2083 3674 2171 3723 73:

970 3758 1189 3809 Munera
1202 3770 1318 3819 quc
1354 3757 1417 3805 in
1455 3756 1688 3807 cineres
1725 3756 1869 3805 annis
1904 3758 2138 3820 graviora
2175 3758 2424 3810 feruntur.

970 3843 1233 3905 Namque
1266 3841 1371 3891 illi
1410 3848 1459 3891 et
1493 3840 1784 3905 phaleras
1821 3842 2164 3907 brevioraque
2193 3844 2297 3895 tela
2331 3844 2528 3893 dicarat

666 3928 855 3979 factum
892 3929 1044 3979 video
1082 3943 1193 3979 esse
1231 3928 1283 3977 in
1317 3926 1628 3990 Frisingensi
1665 3926 1862 3977 codice:

971 4016 1321 4077 Muneraque
1356 4019 1405 4061 et
1438 4012 1726 4076 phaleras
1761 4012 2096 4077 brevioraque
2133 4015 2240 4064 tela
2275 4015 2464 4065 dicarat

668 4108 720 4151 et
754 4101 807 4149 in
844 4099 1163 4163 Panegyrico
1199 4098 1496 4163 Berengarii
1532 4098 1601 4149 11.
1643 4099 1764 4149 135:

1004 4184 1158 4236 Lucis
1192 4200 1362 4235 amor
1397 4185 1754 4251 animusque
1791 4186 1926 4235 ultra
1965 4186 2196 4237 thoracas
2232 4185 2459 4245 anhelus,

671 4288 771 4339 quo
806 4271 921 4321 loeo
960 4272 1215 4337 exscripta
1251 4278 1373 4323 sunt
1408 4273 1537 4323 haec
1572 4269 1720 4322 Statii
1756 4270 1908 4326 VIII.
1945 4274 2072 4324 388:
