3234 4967
640 374 760 441 128
1524 376 1757 431 adnot.
1803 379 1872 430 8⁰

1563 624 1654 706 V.
1713 626 1838 705 80.

804 789 1159 878 Postquam
1204 787 1285 853 de
1333 787 1656 876 principio
1703 786 1896 877 hujus
1941 810 2169 855 versus
2215 788 2636 875 absolvimuS,
2683 790 2775 857 di-

630 896 908 961 cendum
962 903 1063 959 est
1120 894 1205 961 de
1262 894 1512 961 verbis:
1574 895 1793 961 Primo
1855 898 2214 981 genitum
2273 898 2410 985 qui
2468 898 2766 985 protinus

630 1012 775 1068 ortu
820 1000 1167 1089 implicuit
1222 1002 1547 1089 fixitque
1593 1001 1771 1069 mihi.
1787 1006 1828 1039 “
1917 1000 2024 1068 Sic
2069 1004 2138 1069 in
2186 1003 2484 1071 omnibus
2531 1003 2764 1072 codici-

628 1110 751 1175 bus
806 1117 984 1173 recte
1048 1106 1180 1194 legi
1238 1108 1329 1173 ait
1374 1106 1685 1173 Imhofiue
1744 1131 1810 1195 Ρ.
1859 1108 1972 1193 32;
2031 1106 2324 1195 Silligius
2385 1110 2649 1199 quidem
2695 1134 2761 1198 Ρ.

627 1213 956 1281 XXXIII.
1016 1224 1085 1279 et
1131 1213 1464 1297 Queckius
1517 1237 1583 1301 p.
1631 1214 1914 1280 XXVn.
1961 1214 2256 1281 referunt
2315 1217 2384 1281 in
2443 1216 2772 1302 Rehdige·

628 1344 790 1388 rano
850 1342 993 1386 esse
1050 1320 1439 1406 gemitum,
1502 1320 1682 1409 quod
1731 1320 2015 1409 positum
2059 1320 2358 1387 videmus
2405 1346 2445 1388 a
2489 1322 2770 1389 Linden-

627 1428 881 1515 brogio,
915 1426 1191 1511 Oruceo,
1222 1426 1625 1492 Veenhusio.
1703 1425 2088 1494 Occurritur
2115 1429 2395 1516 primum
2429 1452 2470 1495 a
2497 1429 2769 1495 Barthio

626 1532 975 1601 Animadv.
1022 1556 1086 1621 p.
1134 1532 1293 1599 508:
1350 1582 1390 1617 ,‚
1408 1532 1511 1599 De
1570 1526 1702 1600 fsuis
1757 1535 1826 1599 in
1869 1535 2184 1601 infantem
2235 1536 2487 1601 actibus
2533 1545 2606 1601 et·
2644 1557 2770 1600 me-

626 1642 796 1724 ritis,
865 1660 997 1705 non
1060 1638 1141 1705 de
1210 1640 1477 1705 infantis
1532 1641 1601 1705 in
1671 1662 1816 1705 sese
1873 1639 2179 1730 loquitur.
2269 1646 2494 1731 ltaque
2555 1644 2770 1708 omnia

628 1746 841 1813 adhuc
896 1745 1213 1811 mendosa
1269 1746 1551 1811 fuerunt.
1668 1746 1801 1813 Sed
1861 1758 1934 1813 ut
1995 1749 2199 1815 series
2263 1750 2576 1815 orationis
2632 1770 2770 1815 rem

628 1862 957 1941 sequatur,
1005 1850 1419 1918 scribendum
1465 1852 1635 1917 habe
1683 1852 2051 1919 nobiscum:
2096 1853 2329 1919 Nonne
2376 1846 2634 1942 gemam
2681 1863 2767 1937 te,

626 1981 779 2025 care
809 1980 991 2046 puer,
1025 1979 1153 2046 quo
1184 1960 1429 2046 sospite
1460 1967 1649 2027 natos
1725 1960 1875 2025 Non
1913 1960 2116 2047 cupii3
2159 1961 2370 2049 primo
2416 1961 2767 2047 genitum

628 2068 739 2155 qui
782 2066 1075 2154 protinus
1138 2074 1284 2130 ortu
1332 2064 1658 2154 implicui
1704 2067 1996 2155 fixique
2042 2066 2254 2131 mihi?
2347 2066 2478 2149 Qui
2525 2080 2590 2133 te
2637 2087 2768 2133 sos-

627 2173 765 2260 pite
810 2193 943 2237 non
990 2172 1282 2259 quaesivi
1328 2170 1662 2239 naturales
1709 2194 2032 2261 verosque
2077 2172 2237 2238 mihi
2281 2171 2543 2239 liberos·
2637 2174 2768 2256 Qui

626 2290 713 2362 te,
770 2287 842 2344 ut
901 2278 1179 2367 primum
1240 2280 1501 2364 genitus
1560 2300 1632 2343 es
1644 2328 1663 2362 ,
1723 2278 1880 2343 mihi
1937 2278 2190 2345 adscivi
2247 2278 2537 2368 mihique
2585 2281 2766 2368 quasi

627 2383 813 2450 affixi
866 2394 933 2449 et
986 2382 1295 2471 implicui.
1308 2388 1352 2421 “
1444 2384 1612 2449 Tum
1659 2384 2026 2451 occurritur
2071 2408 2111 2450 a
2155 2384 2550 2451 Marklando
2583 2408 2647 2451 v.
2681 2386 2768 2450 80

625 2516 691 2580 Ρ.
738 2491 865 2558 411
918 2512 957 2555 a
1002 2498 1068 2555 et
1114 2512 1179 2554 v.
1226 2488 1313 2555 82
1357 2512 1420 2577 Ρ.
1469 2489 1617 2553 411.
1669 2488 1713 2554 b
1765 2488 1898 2573 his,
1961 2510 2126 2577 quae
2183 2488 2493 2578 probavit
2549 2490 2768 2556 Dueb-

625 2618 825 2663 uerus
838 2624 865 2667 ε.
900 2594 1494 2681 „Mentiosissimus
1540 2592 1748 2660 locust
1809 2617 1932 2661 nec
1979 2618 2019 2661 a
2062 2593 2246 2662 libris
2295 2606 2410 2662 aut
2455 2597 2767 2685 interpr&

626 2701 798 2770 tibus
842 2702 1190 2790 quicquam
1238 2699 1486 2765 auxilii.
1576 2702 1732 2767 Vox
1779 2722 1946 2788 gem
1959 2702 2152 2768 itum
2196 2702 2338 2769 >sine
2385 2701 2582 2769 dubio
2631 2724 2766 2769 cor·

626 2816 821 2895 rupta
886 2814 1016 2872 est:
1081 2806 1441 2895 praecessit
1506 2807 1680 2871 enim
1738 2806 2014 2890 Nonne
2063 2830 2366 2895 gemam
2421 2817 2520 2892 te,
2579 2830 2765 2875 care

626 2936 862 3003 puer,
917 2934 1041 2977 nec
1094 2932 1354 2977 sensum
1406 2908 1610 2977 ullum
1662 2910 1864 2979 habet
1915 2914 2292 3000 gemitum
2338 2913 2763 3001 implicare

628 3020 901 3088 alicui.
1015 3019 1145 3085 Pro
1212 3016 1327 3085 illa
1393 3017 1598 3105 igitur
1664 3020 1928 3107 primo
1999 3019 2308 3087 substitui
2376 3023 2762 3108 gremium

624 3148 873 3195 memor
915 3124 1143 3192 >similis
1187 3124 1417 3191 harum
1462 3146 1696 3191 vocum
1739 3126 2118 3193 mutationis
2161 3129 2232 3193 in
2275 3126 2468 3215 Eleg.
2501 3128 2586 3194 ad
2615 3128 2763 3193 Liv.

632 3234 777 3299 115.
868 3232 959 3299 Et
1024 3253 1145 3320 pro
1215 3232 1345 3319 qui
1412 3230 1572 3315 cui,
1643 3239 1716 3297 ut
1770 3254 1928 3298 mox
1987 3234 2122 3299 cui
2173 3233 2379 3299 verba
2439 3254 2762 3323 sonosque

626 3338 1110 3406 Monstravit
1156 3336 1331 3402 unde
1376 3337 1575 3403 etiam
1625 3348 1902 3426 apparet
1937 3338 2072 3427 legi
2103 3348 2408 3428 oportere
2439 3339 2763 3428 implicui

621 3446 734 3513 -vel
776 3444 1148 3533 Adplicui
1207 3444 1525 3531 fixique:
1584 3444 1668 3509 de
1715 3467 1786 3510 se
1832 3446 1974 3533 ipso
2023 3446 2196 3511 enim
2242 3455 2308 3512 et
2355 3468 2472 3513 suo
2520 3448 2764 3515 affectu

624 3552 943 3642 loquitur3
1004 3552 1097 3617 sic
1142 3550 1393 3638 cupii,
1440 3552 1920 3635 monstravi,
1969 3553 2240 3618 erexi:
2288 3562 2357 3618 et
2401 3576 2522 3642 pro
2567 3553 2762 3618 mihi

622 3681 877 3726 meum
924 3656 1061 3723 scil.
1108 3656 1445 3745 gremium.
1536 3656 1684 3721 Hae
1749 3677 1970 3723 omnes
2019 3668 2170 3724 sunt
2213 3681 2460 3747 parvae
2507 3660 2766 3725 mutati-

626 3756 783 3833 ones'
828 3772 897 3831 et
940 3786 1107 3853 quae
1156 3786 1196 3829 a
1240 3763 1613 3829 cautissimo
1663 3764 1887 3830 critico
1935 3763 2191 3830 admitti
2237 3766 2492 3853 possint
2517 3766 2588 3831 in
2616 3764 2760 3831 loco

622 3872 991 3961 desperato.
1078 3870 1126 3937 J
1128 3891 1257 3936 am·
1289 3870 1495 3956 igitur
1546 3871 1716 3936 exit:
1775 3873 1985 3961 primo
2033 3872 2423 3959 gremium
2467 3873 2574 3937 eui
2619 3894 2762 3960 pro·

622 3980 795 4044 tinus
854 3986 1003 4043 ortu
1057 3976 1423 4064 Adplicui
1478 3977 1770 4065 fixique
1827 4000 2076 4043 meum
2133 4001 2330 4044 sensu
2391 3980 2634 4067 optimo
2689 3990 2764 4043 *et

623 4086 947 4149 sententia
977 4081 1375 4149 cohaerenti.
1468 4082 1857 4172 Adplicui
1889 4086 2205 4171 gremium
2252 4094 2354 4151 est
2398 4085 2760 4169 admovi,

620 4192 689 4255 in
735 4190 1009 4255 caritate
1056 4188 1486 4277 exprimenda
1528 4190 1772 4256 usitata
1803 4212 1958 4257 vox.
2032 4186 2312 4278 Lacrim.
2347 4192 2607 4257 Etrusc.
2645 4192 2760 4257 17:

620 4294 859 4362 leniter
911 4292 1356 4382 adplicitos
1402 4293 1655 4381 vuitiza,
1705 4296 2254 4384 quemadmodum
2301 4296 2455 4364 illuc
2505 4298 2762 4369 restitui

621 4423 741 4490 pro
799 4399 1235 4492 implicitos·
1282 4439 1371 4451 —-
1416 4400 1619 4467 Recte
1667 4401 1864 4467 etiam
1913 4404 2017 4469 cui
2071 4404 2225 4469 fixi
2272 4406 2593 4491 gremium
2639 4426 2760 4493 pro
