3234 4967
727 394 810 466 68
1630 400 1853 457 Adnot.
1894 404 1983 457 43.

722 612 1152 677 capessere
1200 586 1540 678 pugnam
1555 595 1596 629 “
1644 590 2023 677 praestabat
2078 614 2118 656 a
2162 590 2559 657 Marklando
2617 592 2861 672 afferri,

723 721 918 784 quam
963 698 1226 761 Horatii
1269 695 1413 765 illa:
1464 696 1721 761 Ornare
1767 696 2070 784 pulvinar
2102 698 2374 763 deorum
2404 698 2695 785 Tempus
2729 708 2872 763 erat

726 801 1004 889 dapibus
1046 801 1370 868 sodales.“
1433 802 1872 889 Similiterque
1916 802 2115 869 Graci
2158 813 2225 868 et
2266 812 2375 891 ὡς
2403 808 2565 901 ὥρα
2603 808 2873 903 τάφου

717 912 998 1009 μνήμην
1025 912 1340 987 τίθεσθαι
1408 924 1569 989 Eur.
1594 924 1841 1008 Phoen.
1873 925 2064 990 1578.
2090 924 2325 991 Valck.
2351 926 2625 991 Theocr.
2653 923 2871 990 Adon.

726 1027 811 1093 :25
857 1051 920 1116 p.
969 1030 1118 1095 323.
1150 1030 1230 1096 Β.
1263 1031 1504 1097 Baehr.
1536 1030 1708 1095 Plut.
1742 1029 2020 1096 Flamin.
2056 1032 2135 1095 21
2187 1055 2251 1119 p.
2290 1032 2417 1097 132
2448 1041 2515 1096 et
2562 1017 2870 1108 σύντειν’,

726 1122 910 1217 ὥρα,
966 1121 1188 1207 ποδὸς·
1233 1126 1460 1220 ὁρμάν
1512 1136 1672 1200 Eur.
1720 1136 1825 1201 El.
1881 1138 2025 1201 112.
2085 1122 2245 1197 ἐπεὶ
2294 1126 2376 1195 ὃ..
2430 1125 2592 1220 ὥρα
2644 1121 2755 1221 ἦν,
2811 1124 2883 1195 οἱ

729 1228 1128 1323 τεταγμένοι
1183 1231 1581 1323 reponam-e<
1608 1232 1993 1303 λούσασθαι
2069 1228 2281 1302 αὐτὸν
2318 1230 2646 1302 ἐκέλευον
2692 1243 2867 1307 Xen.

730 1346 885 1433 Oyr.
946 1346 1126 1410 Disc.
1191 1348 1376 1413 VIII.
1429 1348 1499 1429 7,
1548 1347 1607 1411 4.
1695 1333 1773 1405 Τί
1824 1332 1969 1405 ποτ’
2038 1332 2298 1426 ἄνδρες
2362 1331 2495 1428 οὐχ
2560 1334 2877 1429 ἥκουσινς

727 1438 887 1529 ὥρα
937 1438 1002 1507 δ’
1052 1437 1140 1534 ἦν
1193 1439 1405 1510 πάλαι
1454 1450 1784 1538 Aristoph.
1818 1448 2001 1515 Eccl.
2037 1451 2186 1516 877.
2220 1448 2485 1517 Scilicet
2514 1473 2705 1538 posse
2739 1460 2873 1516 tam

727 1554 984 1619 fortiter
1028 1553 1355 1619 affirmare
1406 1554 1529 1623 sibi
1576 1558 1753 1623 visus
1814 1566 1915 1621 est
1960 1554 2388 1622 Marklandus
2404 1607 2422 1639 ,
2472 1556 2649 1645 quod
2706 1560 2873 1644 qttae

727 1682 812 1741 „a
872 1680 940 1723 se
1001 1658 1346 1725 emendata
1362 1664 1401 1699 “
1449 1662 1574 1745 ait,
1624 1684 1705 1727 ea
1764 1670 2080 1749 occupata
2137 1661 2397 1727 videret
2456 1660 2540 1727 ab
2596 1662 2871 1727 Heinsio

728 1763 1068 1830 Olaudian.
1117 1765 1266 1830 Rus.
1314 1765 1366 1829 Ι.
1415 1766 1631 1832 Praef.
1680 1768 1725 1831 4
1767 1791 1833 1855 p.
1882 1768 1985 1833 27.
2082 1767 2214 1849 Qui
2274 1767 2565 1855 quidem,
2614 1777 2687 1831 ut
2744 1788 2869 1853 ego

728 1870 1028 1952 arbitror,
1078 1870 1201 1935 hoc
1248 1882 1560 1959 sequutus
1607 1882 1769 1956 erat,
1817 1882 1892 1937 ut
1938 1883 2005 1937 et
2051 1870 2321 1937 cancelli
2366 1871 2750 1937 tollerentur
2804 1879 2870 1933 et

729 1976 938 2041 oratio
996 1975 1388 2043 adminiculo
1449 1981 1631 2045 vocis
1692 2001 1839 2067 que
1901 1978 2337 2067 adjuvaretur.
2431 1976 2533 2041 De
2580 1997 2707 2064 quo
2754 1974 2869 2041 ad·

726 2080 1030 2147 miniculo
1063 2084 1393 2149 consensit
1424 2083 1876 2168 MarklanduS,
1908 2084 2063 2150 inde
2088 2084 2479 2151 Duebnerus
2511 2092 2593 2148 et·
2613 2080 2873 2164 Queck-

727 2190 850 2253 ius.
925 2188 1232 2253 Nostrum
1285 2210 1442 2256 vero
1489 2192 1777 2255 animum
1823 2191 2179 2257 auctoritas
2216 2189 2427 2256 Rehd.
2460 2210 2538 2254 eo
2582 2186 2873 2270 inclinat,

727 2304 799 2358 ut
843 2292 1036 2360 nulla·
1069 2316 1292 2360 eorum
1339 2298 1590 2362 ratione
1637 2296 1883 2377 habita,
1935 2318 2101 2385 quae
2134 2296 2305 2361 infra
2335 2297 2405 2360 in
2435 2318 2497 2360 v.
2532 2295 2619 2359 82
2650 2295 2871 2382 posita

728 2398 1054 2486 leguntur,
1101 2421 1351 2466 memor
1396 2402 1859 2490 disputationis
1905 2402 2042 2469 Sin.
2078 2400 2227 2467 VII.
2276 2402 2338 2467 2.
2384 2409 2517 2466 not.
2568 2400 2675 2465 39.
2723 2398 2875 2464 add.

731 2505 926 2573 Ovid.
1017 2506 1200 2571 Fast.
1287 2507 1408 2572 IV.
1497 2508 1657 2573 894:
1742 2530 1779 2573 e
1866 2507 2079 2572 Latin.
2205 2504 2417 2573 Guelf.
2508 2515 2575 2571 et
2662 2505 2874 2571 Latio.

733 2609 1004 2693 Quintil.
1049 2610 1238 2677 Decl.
1279 2611 1370 2677 II.
1426 2613 1466 2677 8
1533 2636 1599 2701 p.
1657 2612 1775 2678 45:
1825 2614 2023 2678 vitae
2084 2623 2167 2677 et
2212 2611 2374 2677 lucis
2427 2612 2621 2679 Voss.
2666 2612 2874 2676 vitae

731 2716 918 2782 lucis
1063 2715 1250 2784 Oolb.
1392 2717 1629 2783 Leidd.
1755 2718 2048 2803 Coniect.
2185 2715 2407 2784 XVlll.
2442 2754 2446 2759 ·
2542 2717 2876 2783 institutae

729 2824 1095 2889 existimem
1193 2822 1263 2889 id
1361 2823 1604 2889 factum
1698 2846 1843 2891 esse
1945 2804 2170 2912 opem
2278 2845 2597 2907 saevas,
2698 2822 2876 2911 quod

729 2930 942 2995 fuerat
997 2935 1144 3017 0Ρό
1201 2939 1282 2993 et
1340 2951 1604 2995 saevas:
1668 2952 1881 3017 opem
1928 2938 2009 2995 et
2056 2952 2365 2995 saevas.
2459 2928 2707 2995 Verum
2752 2927 2877 2993 hoc

729 3037 942 3123 ipsum
1013 3056 1303 3100 saevas
1385 3036 1454 3099 in
1525 3034 2065 3123 disceptationem
2134 3035 2501 3101 vocandum
2569 3034 2871 3101 arbitror.

733 3141 931 3225 Quod
998 3163 1143 3205 cum
1213 3142 1538 3206 sententia
1603 3139 1734 3206 loci
1787 3155 2044 3229 parum‘
2076 3160 2443 3227 congruens
2502 3140 2531 3230 (
2546 3142 2639 3206 sic
2698 3141 2872 3206 enim

733 3255 995 3314 enarrat
1039 3246 1379 3313 Barthius:
1428 3269 1707 3332 „saevas
1752 3257 2007 3335 grates:
2056 3249 2124 3312 in
2170 3270 2421 3313 summo
2469 3246 2691 3313 dolore
2741 3247 2873 3312 vim

732 3355 1114 3421 refricantes
1159 3352 1554 3443 malorum“)
1604 3376 1689 3419 ex
1734 3353 1890 3421 Silxr.
1923 3354 2013 3419 II.
2067 3354 2125 3438 1,
2172 3353 2245 3419 5:
2295 3354 2509 3436 Quam
2544 3355 2685 3441 jam
2728 3372 2876 3438 ego·

731 3470 866 3525 met
912 3468 1140 3525 cantus
1188 3470 1253 3524 et
1300 3460 1506 3525 verba
1547 3459 1883 3526 medentia
1926 3482 2222 3525 saevus
2268 3459 2606 3525 Consero“
2653 3458 2765 3548 (cf.
2812 3459 2874 3541 6,

733 3566 854 3631 96:
889 3567 1066 3649 Quid
1097 3588 1316 3633 caram
1347 3567 1598 3631 crucias
1628 3576 1763 3632 tam
1795 3566 2068 3630 saevis
2098 3564 2457 3632 luctibus
2486 3563 2783 3630 umbram
2798 3562 2877 3628 ‘?“

733 3672 818 3737 V.
872 3673 930 3757 1,
983 3673 1126 3738 177.
1176 3671 1303 3738 111.
1351 3671 1413 3756 5,
1460 3670 1580 3760 49)
1627 3670 1754 3736 huc
1784 3668 2175 3737 translatum
2204 3670 2486 3755 videtur,
2520 3692 2719 3760 quum
2753 3669 2878 3735 hoc

734 3779 951 3866 potius
999 3779 1241 3867 scripto
1291 3801 1454 3866 opus
1501 3788 1707 3843 esset:
1768 3800 1989 3843 seras
2046 3776 2363 3843 exsolvite
2413 3781 2710 3863 grates“:
2761 3799 2877 3841 suo

724 3889 875 3974 jure
937 3886 1109 3950 enim
1166 3894 1364 3973 poeta
1419 3885 1750 3972 increpat,
1800 3906 1963 3973 quos
2022 3884 2299 3949 terdena
2352 3882 2495 3948 luce
2552 3885 2621 3948 in
2666 3881 2877 3948 luctus

734 3999 987 4078 partem
1045 4000 1243 4056 vocat
1303 3991 1386 4056 cf.
1436 3992 1518 4056 V.
1572 3994 1631 4075 1,
1682 3991 1768 4055 16-
1813 4014 1907 4080 sq.
2000 3990 2395 4079 Saepissime
2452 3999 2671 4056 antem
2730 3989 2879 4054 voci

735 4118 961 4161 serus
1010 4094 1282 4161 alteram
1327 4094 1502 4162 illani
1549 4098 1847 4162 nocuisse
1900 4105 2103 4163 testes
2136 4104 2286 4162 sunt
2338 4096 2647 4161 Heinsius
2698 4093 2875 4185 Ovid.

732 4202 881 4267 Am.
928 4202 1053 4268 III.
1101 4201 1163 4285 6,
1225 4201 1303 4265 71
1355 4224 1419 4289 p.
1467 4202 1622 4268 494.
1712 4201 2169 4268 Broukhusius
2222 4202 2418 4289 Prop.
2464 4201 2521 4265 I.
2572 4201 2631 4283 7,
2681 4200 2768 4266 20
2811 4222 2876 4286 Ρ.

733 4310 818 4372 33
879 4317 946 4372 et
1001 4308 1416 4373 Burmannus
1479 4312 1590 4390 13,
1648 4310 1729 4373 10
1785 4331 1850 4396 p.
1914 4308 2059 4375 132.
2120 4306 2704 4374 Drakenborchius
2762 4304 2877 4370 Sil.

732 4414 919 4479 VIII.
969 4414 1095 4480 337
1145 4437 1208 4503 Ρ.
1257 4414 1409 4480 417.
1457 4414 1888 4480 Marklandus
1946 4414 2105 4480 Silv.
2168 4415 2257 4479 II.
2318 4416 2394 4498 6,
2457 4413 2539 4479 97
2603 4437 2665 4500 p.
2728 4411 2876 4477 251.
