3234 4967
1373 391 1662 454 Conject.
1701 390 1824 443 VII.
2573 392 2668 443 183

522 562 681 627 ipsius
708 562 921 626 epicedii
948 562 1169 612 rationes
1195 576 1347 623 quam
1384 562 1643 626 aptissime
1683 560 1768 625 (ef.
1791 561 1951 611 Anth.
1971 560 2084 613 Lat.
2105 560 2374 623 IV.167‚3
2400 561 2506 611 sive
2538 564 2668 613 1587

522 661 570 710 Ρ.
610 647 732 697 199:
770 647 894 697 obiit
929 662 1041 698 mea
1076 647 1266 711 Lyda.
1339 640 1557 697 Sannaz.
1595 648 1706 701 Ecl.
1745 646 1814 696 11.
1853 663 1886 712 p
1940 647 2066 697 653:
2111 646 2341 707 „Fabula
2383 654 2433 696 te
2471 656 2672 700 moveat

524 732 753 799 Lydae.“
828 732 965 783 Barl.
1002 732 1127 781 Her.
1164 732 1265 783 111.
1304 748 1354 797 p.
1391 733 1517 783 385:
1556 731 1736 783 Clario
1778 733 1968 783 dilecta
2011 738 2197 797 poetae
2233 732 2458 782 Fervida
2495 732 2670 797 Lyda

522 819 693 871 furit.“
766 817 915 868 Stoll.
954 817 1243 871 Antimach.
1281 834 1331 883 p.
1369 819 1398 868 5
1436 817 1559 881 sq.).
1634 816 1706 868 Cf
1755 817 1992 869 Politian.
2064 816 2246 867 Nutric
2298 834 2348 882 p.
2385 818 2511 871 266:
2560 818 2668 867 Ex-

522 888 719 971 cipiunt
754 903 943 969 gemini
980 904 1157 967 procul
1202 903 1295 953 hos
1332 929 1395 939 -·
1437 901 1537 963 Qui
1576 911 1767 968 septem
1803 901 2080 953 Cadmea
2131 910 2316 953 vocent
2357 904 2428 951 ad
2473 903 2672 953 moenia

523 1004 687 1055 reges.
743 988 897 1038 Hune
916 988 1155 1039 Phoebea
1172 986 1371 1050 Claros,
1410 986 1640 1039 Cumaea.
1657 978 1906 1053 Neapolis
1943 988 2088 1038 illum
2124 988 2372 1049 Protulit3
2409 988 2492 1037 hic
2516 989 2670 1039 etiam
2777 984 2780 989 ’

524 1075 684 1145 elegis
725 1082 811 1124 tua
845 1073 1047 1133 funera,
1102 1073 1303 1138 Lyde,
1357 1072 1475 1123 Flet
1515 1074 1682 1139 piusf‘
1756 1074 1828 1125 Ut
1863 1060 2032 1124 antem
2079 1072 2438 1139 cydalyben
2478 1070 2668 1137 (Parm.

523 1158 865 1211 Cidaliben
900 1158 1090 1222 Rehd.)
1128 1160 1210 1209 vel
1245 1160 1411 1223 potius
1448 1149 1926 1224 cydalibenomen
1965 1165 2268 1223 erumperet,
2311 1159 2516 1209 videtur
2547 1160 2669 1209 inde
2715 1182 2720 1189 ·

521 1244 713 1295 sactum
750 1260 874 1305 esse,
916 1244 1051 1309 quod
1090 1254 1179 1291 aut
1214 1243 1341 1293 falso
1364 1245 1447 1293 isti
1484 1246 1627 1294 cida
1665 1243 1872 1308 (cicla
1895 1243 2031 1295 Ven.
2057 1241 2278 1307 Medic.)
2315 1260 2490 1293 verum
2526 1244 2671 1309 lyda

522 1331 717 1395 graecis
744 1338 973 1382 notatum
998 1324 1187 1379 litteris
1214 1336 1302 1379 aut
1325 1331 1513 1383 verbis:
1549 1330 1728 1395 Lyda
1766 1332 1952 1380 labor
1989 1344 2090 1379 non
2119 1329 2316 1379 inficete
2343 1329 2467 1379 hoc:
2503 1322 2668 1397 Λυδὴ

522 1410 685 1480 λύπη
721 1412 811 1478 (cf.
850 1412 1000 1469 stou,
1042 1415 1077 1463 1.
1102 1416 1153 1465 d.
1176 1431 1227 1479 p.
1264 1413 1357 1479 11)
1394 1415 1790 1481 superscriptum
1828 1422 1966 1465 esset
2000 1414 2063 1465 es.
2102 1416 2270 1463 adnot.
2307 1412 2484 1477 Eelog.
2521 1431 2566 1463 v.
2588 1416 2668 1467 38.

524 1498 672 1559 Quae
710 1502 751 1551 si
788 1500 1119 1565 probabiliter
1154 1495 1291 1549 dicta
1328 1508 1459 1561 sunt,
1496 1514 1551 1550 ut
1591 1509 1734 1566 sunt,
1771 1501 2014 1564 sequitur,
2053 1506 2110 1549 ut
2145 1516 2190 1555 v,
2229 1501 2292 1549 92
2331 1500 2440 1549 voci
2482 1500 2672 1549 labor

522 1588 797 1636 succedere
829 1585 1098 1648 jubeamus
1135 1601 1315 1635 vocem
1352 1600 1546 1635 amor:

899 1670 1027 1731 Quis
1064 1686 1237 1721 amor
1274 1669 1472 1722 Aonios
1508 1687 1635 1721 seno
1672 1672 1804 1735 pede
1841 1672 2030 1719 ducere
2067 1686 2278 1736 campos

895 1754 963 1804 Et
996 1756 1181 1821 quibus
1218 1755 1448 1805 Arcadia
1484 1770 1686 1806 carmen
1723 1756 1976 1805 testudine
2013 1757 2202 1806 mensis

898 1841 1073 1905 Lyda
1111 1840 1258 1891 labor
1292 1856 1577 1903 nomenque
1614 1840 1723 1891 fuit.

523 1926 597 1977 Ut
632 1926 755 1977 silv.
792 1926 887 1977 111.
916 1928 1075 1987 2,40:
1112 1922 1154 1976 si
1193 1935 1385 1977 vestras
1421 1942 1589 1975 amor
1627 1936 1722 1977 est
1759 1927 1878 1977 mihi
1917 1928 2140 1991 pandere
2179 1926 2439 1990 Thebas.“
2477 1927 2668 1977 Achill.

524 2012 565 2061 1.
603 2014 656 2063 5:
712 2027 803 2061 nos
857 2012 931 2061 irc
984 2026 1079 2075 per
1133 2026 1327 2061 omnem
1374 2038 1436 2048 ·-
1487 2012 1573 2062 Sic
1611 2026 1784 2061 amor
1819 2020 1917 2061 est
1954 2038 2016 2047 -
2055 2012 2212 2061 heroa
2257 2013 2396 2063 velis.
2468 2012 2670 2069 Peerlk‚

524 2096 671 2161 Virg.
711 2096 844 2145 Aen.
865 2095 935 2145 11.
955 2112 1004 2161 p.
1026 2098 1106 2145 82.
1163 2095 1348 2147 Lexid.
1386 2113 1433 2162 p.
1459 2100 1532 2148 18.
1572 2098 1688 2147 add.
1728 2094 1933 2161 Coripp.
1971 2096 2055 2149 εἷο.
2083 2098 2110 2147 1
2153 2099 2252 2149 566
2290 2098 2483 2150 labor.
2528 2096 2670 2148 Triv.

522 2184 747 2233 lamor.
801 2181 1068 2231 Postremo
1107 2182 1329 2244 adjicere
1367 2181 1494 2231 libet
1529 2184 1579 2231 in
1621 2184 1786 2232 Anth.
1823 2184 1934 2235 Lat.
1971 2184 2036 2235 V.
2081 2186 2124 2243 1,
2159 2185 2250 2233 57:
2285 2182 2407 2243 „Sol
2445 2186 2525 2233 cui
2562 2199 2670 2232 sur-

524 2268 665 2332 genti
715 2274 921 2317 resonat
967 2266 1101 2316 liba
1147 2267 1336 2316 blanda
1380 2267 1661 2317 canorem“
1705 2268 1884 2329 (tuba
1923 2268 2061 2332 Opit.
2099 2268 2270 2317 silva
2304 2268 2432 2318 alta
2468 2268 2668 2333 Heius.)

524 2354 725 2419 lyram
762 2353 921 2403 videri
956 2354 1029 2403 sic
1067 2352 1285 2417 positam
1322 2352 1494 2413 fuisse,
1532 2359 1590 2401 ut
1627 2352 1824 2403 dicetur
1859 2354 2001 2404 alias.

1482 2684 1708 2772 VII.

661 2866 745 2917 Ab
796 2867 889 2917 illa
937 2866 1201 2931 Tarpeji
1256 2868 1531 2931 paratus
1568 2868 1813 2916 memoria
1855 2866 2052 2915 veniam
2102 2868 2168 2916 ad
2205 2866 2455 2918 Silvarum
2502 2859 2668 2919 locum

525 2951 620 3004 IV.
643 2956 691 3013 5,
716 2954 795 3013 22,
835 2954 926 3003 sed
966 2953 1163 3001 veniam
1200 2953 1301 3001 hoc
1336 2952 1588 3016 capessito
1627 2952 1954 3017 deverticulo,
1994 2956 2356 3018 utpostquam
2395 2968 2547 3004 voces
2585 2956 2670 3005 de-

526 3038 691 3089 lata:
734 3033 969 3087 delecta
1020 3036 1103 3099 (nt
1140 3035 1409 3089 Claudian.
1447 3036 1621 3101 Epicu
1660 3037 1794 3091 Pall.
1835 3038 1922 3087 81:
1969 3038 2168 3087 delata
2217 3045 2458 3104 potestas.
2529 3039 2670 3089 Vatt.

526 3124 623 3173 Pal
690 3123 871 3173 Moret.
922 3121 1087 3175 Oxou.
1126 3123 1266 3176 Busl.
1307 3120 1593 3186 delecta).
1670 3122 1841 3172 Burm.
1890 3122 2011 3171 Rus.
2049 3120 2092 3171 1.
2131 3122 2231 3173 314
2266 3140 2315 3189 p.
2355 3127 2434 3177 58.
2507 3125 2668 3175 Drak.

524 3208 635 3261 Liv.
673 3206 772 3259 IX.
794 3208 925 3269 25,9
962 3224 1009 3273 p.
1033 3209 1147 3269 209,
1184 3208 1519 3260 collectus:
1557 3210 1822 3259 collat-us
1862 3211 2068 3259 Arator.
2102 3207 2218 3261 Act.
2259 3210 2668 3273 Apost.11.203.

526 3290 664 3343 Cort.
702 3294 895 3349 Lucan.
933 3293 1084 3347 V111.
1116 3297 1223 3345 3755
1260 3310 1307 3359 p.
1332 3296 1431 3347 385
1468 3294 1762 3359 similesque
1798 3295 1982 3345 multas
2021 3308 2173 3359 saepe
2210 3301 2522 3359 permutatas
2559 3311 2670 3346 esse
2754 3310 2764 3320 ·

527 3387 835 3443 compertum
873 3387 949 3429 est
984 3378 1070 3442 (cf.
1108 3379 1294 3429 Markl.
1334 3380 1401 3429 V.
1442 3384 1489 3441 2,
1528 3382 1626 3431 152
1662 3396 1706 3444 p⁴
1749 3381 1864 3430 372.
1936 3380 2184 3430 Emendd.
2222 3380 2374 3445 Prop.
2412 3380 2508 3431 IV.
2545 3384 2576 3430 2
2603 3380 2669 3445 ³),

528 3464 862 3529 perstringam
899 3460 1174 3514 Thebaidis
1210 3480 1411 3515 versum
1448 3464 1544 3515 IV.
1584 3467 1709 3516 743:
2723 3459 2730 3463 ”

1053 3550 1367 3615 neglecta
1402 3565 1591 3600 comam
1633 3566 1729 3600 nec
1767 3552 1906 3600 dives
1943 3552 2149 3612 amictu,

666 3700 715 3765 ³)
750 3702 850 3751 Hic
885 3702 1059 3753 facere
1096 3718 1197 3751 non
1237 3720 1469 3769 possum,
1517 3705 1642 3768 quin
1675 3704 1954 3754 Horatio
2001 3704 2262 3769 suppetias
2304 3700 2470 3753 ieram
2516 3706 2668 3755 vehe-

528 3780 724 3821 menter
761 3772 1029 3823 laboranti.
1104 3770 1265 3833 Cujus
1302 3772 1469 3821 locum
1506 3770 1605 3823 111.
1637 3775 1714 3832 11,
1755 3775 1845 3823 18:
1883 3770 2184 3832 „Cerberum
2223 3774 2450 3835 quamvis
2486 3773 2668 3823 furiale

526 3850 726 3888 centum
779 3838 1015 3887 Muniant
1062 3854 1255 3902 angues
1308 3848 1461 3903 caput
1515 3840 1653 3902 ejus
1708 3847 1901 3906 atque
1949 3840 2166 3905 Spiritus
2221 3848 2353 3889 teter
2404 3842 2670 3905 saniesque

528 3914 698 3956 manet
736 3905 840 3956 Ore
881 3906 1147 3970 trilingui“
1187 3908 1452 3967 omnibus,
1500 3908 1684 3970 quibus
1721 3910 1854 3957 docti
1892 3908 2126 3958 homines
2173 3909 2434 3972 cooperire
2479 3909 2668 3958 dudum

524 3984 805 4039 coeperunt
840 3974 933 4036 (cs.
954 3976 1158 4033 Mar-tin.
1196 3978 1259 4025 de
1296 3977 1495 4041 aliquot
1520 3975 1648 4027 Hor.
1685 3992 1838 4025 earm.
1865 3992 1912 4041 p.
1935 3978 1966 4027 ὃ
1985 3991 2059 4039 sq.
2114 3975 2291 4039 Progr.
2313 3976 2470 4027 Posn.
2493 3978 2669 4041 1865),

522 4042 814 4104 criminibus
854 4046 1021 4093 levare
1049 4044 1155 4106 jam
1192 4046 1247 4093 in
1296 4052 1529 4109 promptu
1584 4055 1675 4093 est.
1749 4044 1982 4109 Namque
2032 4045 2189 4093 aciem
2237 4045 2317 4095 vel
2363 4060 2669 4095 summorum

523 4113 747 4163 virorum
783 4111 915 4175 fugit
952 4112 1148 4176 duplex
1188 4113 1447 4163 librarium
1474 4127 1632 4172 error,
1669 4113 1752 4178 qui
1781 4128 1932 4175 quum
1969 4114 2207 4177 scriptum
2232 4112 2543 4162 invenissent
2579 4120 2667 4174 ei,

526 4180 658 4243 quod
696 4180 797 4229 fuit
832 4180 948 4229 emi
986 4176 1064 4243 (ut
1083 4179 1361 4233 Liv.xx1.
1386 4182 1484 4241 2,3
1520 4182 1726 4246 optima.
1782 4179 1983 4233 Gaertn.
2025 4187 2222 4245 optia.
2261 4179 2451 4245 Papiae
2473 4179 2669 4231 Gloss.:

526 4248 681 4306 „lena
717 4249 775 4297 id
810 4255 886 4297 est
920 4249 1161 4301 coitus.“
1234 4248 1530 4300 Reiffersch.
1568 4247 1784 4299 Sueton.
1823 4264 1872 4314 p.
1907 4248 2030 4299 XII.
2071 4249 2332 4299 amictus.
2381 4248 2668 4300 Aenaria:

524 4313 787 4365 Inarime
824 4314 1059 4379 Conject.
1081 4316 1149 4367 V.
1188 4316 1472 4368 brumam=
1507 4332 1726 4382 param
1752 4314 1982 4379 Conject.
2003 4316 2157 4368 Vm.
2193 4313 2366 4378 Nemq
2375 4332 2466 4367 am
2491 4316 2666 4367 Schol.
2705 4314 2712 4321 ’

526 4382 701 4431 Lucan
744 4382 948 4433 V1.391
992 4402 1039 4449 p.
1060 4386 1177 4435 408.
1218 4385 1355 4449 Lips.
1385 4385 1591 4435 Neam.
1623 4384 1776 4447 Valg.
1815 4400 1862 4448 p.
1884 4382 2027 4445 438),
2064 4385 2290 4433 fecerunt
2327 4384 2464 4447 ejus
2502 4382 2668 4449 (quod
