3234 4967
573 649 832 726 Molior:
873 675 1022 721 orsa
1063 649 1237 722 acuit
1271 648 1491 720 rabies
1527 661 1724 746 atque
1762 649 1855 720 ira
1894 649 2151 722 tacendi

569 771 945 869 Impatiens.
1021 767 1154 842 Sed
1196 793 1318 840 nec
1355 766 1585 840 solitae
1623 768 1773 839 mibi
1818 769 2057 841 vertice
2096 768 2317 842 laurus

567 891 704 964 Nec
742 889 930 962 fronti
970 891 1229 962 vittatus
1267 891 1516 960 bonos:
1553 915 1633 960 en
1673 901 1857 960 taxea
1900 903 2144 962 marcet

572 1009 746 1084 Silva
789 1010 994 1082 comis
1035 1007 1406 1108 hilaresque
1447 1007 1727 1079 hederas
1765 1006 2018 1105 plorata
2049 1033 2409 1106 cupressus
2548 1025 2611 1075 30

569 1129 862 1201 Excludit
901 1129 1097 1201 ramis
1139 1153 1262 1200 nec
1299 1126 1548 1198 eburno
1587 1127 1845 1223 pectine
1882 1127 2167 1198 chordas

572 1248 793 1336 Pulso‚
833 1247 952 1320 sed
991 1247 1316 1344 inceptam
1353 1245 1572 1342 digitis
1610 1246 1977 1318 errantibus
2015 1272 2241 1319 amens

571 1366 821 1441 Scindo
851 1365 1104 1464 chelyn.
1163 1369 1376 1454 Juvat„
1406 1366 1556 1455 beu,
1578 1365 1759 1463 juvat
1788 1362 2137 1438 illaetabile
2168 1391 2430 1440 carmen

570 1487 870 1560 Fundere
907 1499 972 1558 et
1010 1487 1338 1582 incompte
1375 1507 1659 1555 mersum
1700 1482 1916 1555 laxare
1954 1481 2269 1557 dolorem.

571 1605 640 1680 Si
682 1605 908 1696 merui,
932 1605 1044 1678 'sic
1081 1631 1184 1677 me
1223 1617 1548 1700 cantuque
1588 1601 1940 1702 habituque
1970 1617 2311 1676 nocentem
2554 1625 2615 1675 35

573 1726 914 1825 Aspiciant
951 1723 1223 1823 Superi:
1267 1723 1509 1821 pudeat
1545 1721 1940 1820 Thebasque
1981 1748 2345 1823 novumque

582 1845 940 1919 Aeaciden:
979 1843 1064 1914 nil
1101 1844 1236 1942 jam
1275 1840 1600 1939 placidum
1638 1843 1925 1914 manabit
1960 1843 2042 1914 ab
2081 1869 2215 1916 ore.

581 1965 692 2038 llle
729 1989 878 2062 ‘²8⁰⁹
915 1965 1025 2062 qui
1063 1963 1256 2034 toties
1295 1960 1491 2060 pandi
1529 1973 1935 2058 matrumque
1972 1976 2358 2062 patrumque

579 2085 852 2174 Funera,
891 2083 999 2182 qui
1039 2082 1220 2154 vivos
1261 2089 1436 2179 potui
1479 2071 1765 2153 mulcere
1802 2081 2086 2174 dolores»,

580 2203 692 2276 llle
729 2229 856 2301 ego
895 2202 1222 2300 lugentum
1262 2200 1435 2272 mitis
1473 2199 1721 2272 solator
1758 2201 2017 2274 acerbis
2194 2189 2200 2195 ’
2558 2221 2622 2272 4ο

475 2437 855 2496 Markl.v.27.
891 2439 1095 2494 Melior.
1150 2455 1270 2493 orsa
1308 2439 1333 2466 ⁴¹
1361 2438 1383 2465 ⁸
1412 2439 1436 2465 ''
1475 2445 1584 2492 est:
1624 2445 1783 2508 atque
1820 2439 1915 2492 ira.
1989 2440 2071 2493 31.
2109 2439 2379 2495 Excludit:
2419 2449 2623 2496 tenueS.

700 2527 782 2579 32.
823 2525 918 2578 sed
957 2527 1235 2578 incertum.
1286 2523 1368 2577 33.
1395 2524 1580 2578 Tundo
1606 2525 1813 2594 chelyn.
1830 2525 1978 2594 juvat
2002 2527 2123 2587 heu,
2149 2527 2301 2596 juvat
2324 2528 2625 2581 illaudabile

695 2626 928 2665 carmen.
999 2611 1082 2664 34.
1139 2612 1392 2664 miserum
1447 2609 1650 2662 nudare
1708 2609 1965 2663 dolorem.
2036 2613 2118 2664 35.
2172 2613 2261 2666 Sic
2297 2614 2493 2667 merui:
2548 2616 2627 2666 sic

703 2715 789 2752 me
827 2703 1091 2767 cantuque
1124 2697 1410 2764 habituque
1438 2697 1715 2748 nefastum.
1771 2695 1853 2747 36.
1892 2697 2100 2767 Superi.
2139 2699 2352 2768 pudeat.
2410 2688 2493 2752 37.
2532 2700 2625 2752 Aa·

703 2783 912 2838 acidem
944 2796 956 2834 ε
994 2782 1068 2835 nil
1109 2781 1216 2850 jam
1266 2780 1535 2851 placitum.
1606 2779 1690 2833 38.
1746 2783 1901 2834 toties
1942 2782 2183 2836 blandus·
2256 2784 2336 2837 39.
2375 2781 2623 2842 Vulnera,

697 2887 788 2938 qui
824 2885 996 2922 veros·

495 3023 624 3082 Var.
685 3041 732 3078 v.
759 3025 841 3077 27.
878 3024 1123 3079 Mollior
1150 3019 1333 3075 Parm.
1371 3019 1549 3096 Vena
1577 3039 1729 3076 orsa
1770 3029 1870 3075 est
1906 3029 2101 3092 atque
2138 3025 2215 3076 ira
2242 3021 2395 3076 codd.
2420 3019 2627 3076 Domit.

698 3127 852 3164 orsa
891 3147 904 3160 .
943 3147 956 3160 .
995 3146 1008 3160 .
1047 3116 1178 3161 est:
1234 3115 1441 3178 atque
1499 3108 1599 3160 ira
1645 3104 1853 3160 Markl.
1892 3123 2015 3161 orsa
2054 3108 2256 3162 dolor
2309 3109 2628 3178 probibet

701 3206 906 3268 atque
945 3195 1020 3247 ira
1047 3189 1254 3246 Domit.
1289 3191 1436 3262 vuly.
1475 3193 1806 3259 prohibent
1838 3191 2027 3246 Heius.
2066 3193 2311 3263 prohibet
2352 3195 2577 3266 datqu
2601 3213 2629 3248 e

709 3279 904 3335 Barth.
943 3307 1007 3317 -—-
1045 3281 1130 3333 29.
1169 3282 1216 3332 vi
1239 3285 1355 3332 cta
1378 3286 1460 3331 tus
1498 3276 1667 3332 Rend.
1704 3307 1771 3316 --
1808 3279 1891 3332 31.
1941 3279 2182 3333 Excludi
2221 3276 2629 3333 Para-Exclu-

703 3368 792 3420 dit.
819 3374 1070 3420 tenues
1106 3363 1477 3430 (tremulas)
1503 3360 1713 3420 Markl.
1752 3366 1993 3432 ignavo
2032 3365 2284 3435 pollice
2320 3360 2466 3434 vulq-
2505 3383 2631 3419 nec

705 3453 966 3507 eburno
1025 3447 1191 3508 flend.
1249 3447 1451 3504 Salisb.
1487 3477 1552 3486 -—
1592 3450 1677 3502 32.
1732 3451 1842 3503 sed
1886 3453 2189 3520 suspectum
2228 3447 2481 3504 Barthio.
2520 3455 2629 3503 in·
2728 3513 2732 3517 .

705 3543 991 3591 certam
1031 3550 1215 3589 omnes
1268 3533 1489 3604 (Imhof.
1517 3549 1578 3604 p.
1604 3534 1711 3600 32).
1768 3537 2065 3589 insertam
2102 3531 2303 3588 Barth.
2342 3538 2627 3590 incertum

709 3619 919 3679 Mar-kl.
957 3650 1025 3660 —
1063 3621 1144 3674 33.
1193 3621 1423 3675 scindo
1463 3635 1662 3674 omnes·
1723 3621 1923 3676 tundo
1959 3618 2171 3676 Markl.
2208 3621 2421 3674 chelim
2462 3618 2629 3674 flend.

707 3707 1117 3763 illaudabile
1153 3704 1300 3775 vulq-
1337 3709 1401 3760 in
1442 3708 1757 3762 laudabile
1796 3705 1965 3762 Rem.
2003 3705 2394 3759 inlaudabile
2434 3703 2630 3772 Queclc.

706 3821 774 3832 ·-—
833 3793 917 3846 34.
978 3794 1284 3846 incomite
1321 3789 1508 3845 Parm.
1564 3795 1853 3846 incomtu
1890 3805 2035 3861 susp.
2071 3788 2280 3846 Mar-kt.
2318 3793 2629 3846 miserum

703 3878 992 3934 laudare
1048 3891 1248 3931 omnes,
1304 3877 1615 3930 lacerare
1670 3875 1865 3932 Barth.
1920 3885 2188 3930 cantare
2244 3875 2473 3930 swiver.
2526 3895 2632 3930 sa-

714 3969 894 4020 tiare
954 3951 1040 4018 ‘uel
1099 3972 1420 4018 saturare
1488 3960 1675 4016 Heius.
1736 3965 2099 4018 stimulare
2172 3959 2321 4017 Cort.
2383 3964 2630 4018 nudare

705 4047 916 4106 Markl.
952 4077 1016 4088 -
1061 4049 1146 4102 35.
1202 4051 1311 4104 Sic
1349 4052 1516 4102 merui
1555 4063 1754 4102 omnes,
1793 4051 2137 4104 nefastum
2176 4049 2322 4120 vuly.
2360 4067 2477 4104 nes
2516 4089 2529 4104 .
2567 4088 2581 4104 .
2618 4090 2631 4103 .

711 4133 882 4190 flend.
908 4163 977 4173 --
1003 4136 1084 4188 37.
1125 4135 1397 4190 Aeaciden
1423 4133 1569 4204 vuly.
1595 4135 1781 4190 Eacid
1800 4153 1876 4190 en
1907 4134 2073 4190 Rehd.
2102 4137 2333 4192 Aeacide
2350 4152 2398 4190 m
2426 4133 2635 4190 Markl.

709 4219 925 4276 Duebn.
952 4221 1144 4290 placid
1169 4236 1270 4274 um
1311 4235 1508 4276 omnes.
1547 4223 1776 4293 placitu
1800 4240 1847 4278 m
1887 4219 2095 4277 Markl.
2134 4239 2287 4278 mana
2311 4223 2426 4274 bat
2466 4219 2633 4276 Rem.

706 4337 773 4346 ·—-
832 4307 916 4362 38.
973 4309 1192 4360 toties
1228 4304 1372 4377 vuly.
1411 4311 1727 4379 quotiens
1764 4306 1934 4362 [tend.
1984 4307 2273 4364 blandus
2306 4305 2453 4378 vuty.
2490 4309 2636 4363 blan·

714 4395 746 4446 d
771 4412 802 4448 ο
842 4391 1011 4449 Rehd.
1049 4393 1237 4450 Parm.
1273 4425 1338 4435 —-
1377 4394 1459 4448 39.
1498 4391 1790 4449 Vulnera
1828 4409 2027 4450 omnes.
2064 4399 2251 4451 vivos
2289 4406 2488 4447 omnes.
2524 4409 2634 4446 ve-

711 4495 827 4534 ros
863 4477 1070 4535 Markl.
