3234 4967
1359 406 1576 459 adnot
1636 406 1729 459 35.
2506 394 2623 469 ⁴59

475 617 756 701 spectu
812 608 1166 699 nefasto)
1225 610 1540 676 incestem
1599 610 1775 676 diem
1832 620 1899 675 et
1960 632 2233 700 superos
2292 611 2450 678 deos
2496 620 2627 677 tur-

472 714 672 783 bem?
715 714 822 781 De
869 714 1196 780 sententia
1241 716 1446 802 igitur
1491 715 1735 783 habere
1783 717 2084 784 videmur
2129 718 2309 807 quod
2355 717 2623 807 liqueat,

473 823 556 889 ‹le
617 821 841 889 verbis
899 822 1360 910 reperiendum
1421 832 1540 888 est.
1634 822 2081 913 Suspiciosum
2145 825 2317 890 enim
2375 833 2507 907 est,
2555 834 2628 888 ut

473 947 672 1018 supra
717 927 1031 1011 diximus,
1077 928 1382 994 nefasti
1426 948 1667 994 nomen
1729 929 1799 994 in
1845 950 1923 994 eo
1971 931 2285 1021 positum,
2336 930 2451 1018 qui
2496 929 2628 995 dici

473 1035 642 1101 solet
683 1032 1116 1101 nefandus.
1195 1022 1476 1099 Accedit
1504 1032 1951 1122 Rehdigerani
1995 1034 2145 1102 libri
2190 1033 2628 1102 memorabilis

474 1140 922 1230 discrepantia
991 1136 1427 1229 damnumque
1495 1162 1629 1206 non
1696 1139 1874 1224 leve,
1953 1142 2129 1230 quod
2199 1142 2628 1209 certissimum

472 1256 692 1315 manet
753 1254 1208 1334 argumentum
1276 1245 1719 1335 indiciumque
1792 1246 2123 1313 obscurati
2184 1258 2380 1337 atque
2435 1249 2629 1314 inter·

474 1356 648 1443 cepti
693 1351 1002 1421 vocabuli
1046 1352 1311 1417 minime
1367 1352 1681 1439 vulgaris.
1778 1352 1988 1436 Quale
2036 1362 2137 1419 est
2180 1354 2289 1439 id,
2349 1355 2456 1421 cui
2513 1354 2628 1420 illa

473 1462 619 1551 ipsa
659 1480 795 1527 vox
839 1457 1249 1525 nefandus
1297 1456 1433 1547 (vel
1478 1459 1858 1525 nefastus
1918 1460 2001 1527 cf.
2050 1460 2204 1528 Seu.
2256 1458 2426 1527 Oed.
2474 1460 2624 1525 274:

477 1565 904 1633 nefandum
964 1564 1236 1631 facinus.
1285 1562 1367 1629 al.
1413 1563 1881 1653 nefastum)
1936 1564 2111 1655 apud
2167 1566 2502 1632 Lucanum
2560 1567 2627 1632 in

478 1673 658 1761 Lips.
706 1674 767 1739 2.
814 1672 1029 1759 Marp.
1077 1669 1400 1756 Bongars.
1450 1669 1764 1735 successit
1816 1670 1949 1735 Vll.
1998 1671 2156 1738 869:
2219 1670 2325 1754 „O
2385 1656 2625 1761 superi,

476 1778 670 1844 liceat
713 1786 922 1843 terras
957 1774 1171 1843 odisse
1217 1775 1680 1843 nocentis.“
1753 1776 2022 1843 Lucano
2059 1785 2297 1861 autem,
2328 1786 2405 1843 ut
2434 1798 2629 1867 quam

475 1884 958 1951 accuratissime
1007 1882 1313 1971 exigatur
1357 1883 1524 1950 fides
1553 1883 1975 1973 reliquiarum
2006 1903 2146 1950 nes
2180 1932 2195 1949 .
2232 1935 2247 1950 .
2281 1941 2297 1956 .
2342 1886 2411 1950 in
2444 1884 2629 1951 hunc

475 1998 744 2057 statum:
789 2010 986 2056 noce
1003 1998 1218 2055 ntem
1262 1986 1703 2073 collectarum,
1740 1990 2135 2079 subjungere
2166 1989 2322 2057 licet
2350 1992 2628 2078 primum

475 2096 758 2184 glossam
805 2092 1050 2161 codicis
1097 2096 1325 2185 optimi
1372 2104 1440 2161 et
1483 2094 1694 2161 Pulm.
1742 2096 1983 2163 Theb.
2031 2096 2137 2163 lV.
2188 2096 2349 2163 6402
2408 2104 2629 2163 sontes

429 2284 438 2293 ἱ
475 2201 622 2289 lege
653 2200 910 2289 morae)
941 2210 1384 2267 noscentes
1431 2210 1821 2289 exspectant
1851 2196 2060 2286 illos“,
2095 2222 2287 2292 quam
2321 2189 2629 2269 Bar-thius

473 2330 540 2397 p.
591 2308 762 2373 1178
822 2315 1078 2373 tantum
1139 2306 1348 2373 abfuit
1405 2315 1480 2371 ut
1549 2307 1645 2371 sic
1708 2306 2236 2373 reconcinnaret:
2308 2330 2339 2373 s
2364 2330 2459 2375 on
2478 2304 2627 2398 tes)

473 2423 817 2481 nocente
837 2437 886 2481 s.
937 2412 1189 2481 Certa
1234 2412 1400 2503 est)
1449 2420 1839 2502 exspectant
1882 2410 2095 2496 illos‚“
2140 2422 2213 2478 ut
2258 2414 2383 2479 hoc
2428 2414 2625 2480 modo

475 2521 812 2609 proderet:
861 2518 1176 2611 sontes)
1209 2528 1664 2594 noscentes.
1695 2517 1927 2607 lege)
1947 2510 2354 2607 exspectant.
2398 2528 2628 2585 certa

476 2627 628 2716 est)
673 2626 820 2693 illos
836 2631 900 2713 ;“
947 2625 1186 2694 deinde
1233 2648 1346 2691 eos
1391 2623 1609 2707 locos,
1646 2623 1821 2712 'quos
1868 2622 2332 2691 vocabulorum
2380 2620 2627 2691 caesis

478 2743 546 2797 et
591 2734 839 2798 caecis
895 2730 1299 2820 aliorum-que
1359 2729 1709 2797 multorum
1756 2738 1955 2797 testes
2002 2730 2473 2818 permixtorum
2522 2730 2627 2795 de·

475 2838 690 2904 dimus
735 2836 928 2925 Valg.
960 2862 1025 2926 p.
1058 2837 1144 2903 57
1192 2860 1288 2925 sq.
1319 2834 1453 2901 504
1499 2835 1651 2902 add.
1698 2858 1763 2900 v.
1814 2834 1903 2901 85
1944 2834 2157 2901 Rehd.
2208 2858 2622 2901 accercere.

481 2945 570 3010 46
603 2964 773 3009 cum
818 2942 884 3033 (s
900 2942 1088 3032 ant).
1139 2944 1244 3009 74.
1279 2964 1422 3008 seu
1469 2941 1673 3030 (ceu)
1721 2940 2095 3029 addereque
2126 2962 2259 3024 eos,
2294 2943 2360 3006 in
2392 2941 2626 3029 quibus

471 3071 670 3117 voees
724 3072 986 3115 nocens
1046 3060 1112 3116 et
1171 3070 1422 3116 recens
1477 3047 1768 3114 aemulas
1827 3048 2229 3128 invenimus,
2290 3057 2364 3113 ut
2424 3047 2621 3113 Ovid.

474 3157 632 3239 Met.
667 3154 799 3221 Vll.
831 3154 994 3221 526:
1044 3155 1299 3223 Caussa
1341 3172 1608 3220 nocens
1653 3152 2063 3220 cladis.·tres
2108 3152 2300 3219 codd.
2349 3174 2622 3219 recens.

474 3262 699 3329 Burm.
747 3261 994 3327 Lucan.
1028 3259 1134 3326 Vl.
1167 3259 1319 3328 543.
1367 3283 1432 3348 p.
1481 3260 1635 3343 432,
1683 3268 1752 3325 et
1796 3268 2203 3325 tonueruntt
2250 3267 2624 3324 tenuerunt

479 3366 702 3433 Burm.
754 3366 1095 3434 Claudian.
1145 3364 1376 3453 Olybr.
1425 3365 1577 3433 208.
1626 3388 1691 3453 p.
1740 3364 1844 3429 20.
1933 3362 2220 3430 Martial.
2268 3362 2376 3430 lX.
2425 3364 2532 3446 52,
2586 3367 2617 3430 1

478 3475 788 3539 mereris.
814 3472 1074 3559 Anglic.
1097 3471 1412 3554 moreris,
1445 3469 1601 3536 alibi
1632 3468 1996 3556 Phegida:
2027 3469 2140 3535 Ph
2157 3492 2195 3535 o
2210 3469 2368 3556 gida
2396 3470 2620 3535 Burm.

475 3578 672 3667 Prop.
704 3578 746 3647 1.
786 3577 888 3661 15,
927 3577 1008 3644 15
1039 3599 1103 3666 p.
1142 3576 1287 3642 148.
1323 3576 1572 3642 effusa:
1607 3576 1831 3641 offusa
1860 3574 2067 3640 Theb.
2098 3575 2183 3640 V.
2208 3573 2314 3640 95.
2346 3575 2618 3664 Joseph.

473 3686 687 3751 Iscan.
733 3684 852 3750 VI.
891 3684 1048 3750 132:
1092 3692 1372 3771 quantos
1418 3680 1657 3747 dextra
1686 3681 1955 3745 victrice
2001 3688 2397 3768 negantes
2441 3680 2619 3748 Ense

472 3788 686 3879 palam
711 3793 1000 3873 stern0‚“
1011 3790 1125 3856 ubi
1147 3791 1427 3857 fortasse
1451 3788 1684 3877 aliquis
1698 3788 2028 3854 Dresemii
2049 3788 2348 3853 inve-nto:
2375 3788 2452 3875 gi
2466 3802 2621 3875 gan·

475 3906 576 3963 tes
598 3897 754 3961 hoc:
789 3904 1172 3962 nocentes
1207 3896 1302 3962 sic
1335 3894 1684 3983 praeferet,
1716 3892 1977 3981 utapud
1999 3892 2415 3982 Propertium
2438 3894 2526 3961 lll.
2553 3898 2615 3980 3,

475 4005 588 4069 61:
631 4010 961 4069 tormenta
994 4022 1186 4067 noce
1203 4011 1418 4067 ntum
1443 3998 1766 4067 Lobeckii
1800 3999 2202 4087 Hauptiique
2230 3998 2379 4067 Ind.
2405 4002 2617 4070 Lectt.

474 4107 694 4174 Berol.
731 4106 886 4174 Hib.
929 4105 1102 4173 1854
1131 4129 1196 4196 p.
1233 4108 1269 4173 7
1327 4105 2138 4171 emendationem'nomini
2182 4107 2617 4193 gigantum.

476 4212 686 4278 Tacit.
735 4211 958 4279 Germ.
1008 4213 1125 4280 38:
1181 4207 1484 4300 capillum
1539 4220 1719 4277 retro
1766 4215 2159 4297 secuntur-‚⁴¹⁸
2204 4212 2381 4301 quod
2440 4214 2621 4280 dubi·

473 4318 602 4383 tari
643 4328 865 4407 potest
910 4342 995 4385 an
1036 4320 1239 4385 *fuerit
1283 4326 1701 4385 comuntur
1746 4318 1828 4385 cf.
1877 4316 2076 4388 ovid.
2108 4318 2267 4384 Met.
2315 4317 2448 4385 Xll.
2487 4322 2619 4385 320

469 4434 1096 4493 armamoventem.
1142 4425 1359 4492 Vatic.
1385 4423 1467 4489 al.
1497 4433 1917 4511 sequentem.
1965 4423 2140 4491 Add.
2166 4424 2489 4491 adnott.v.
2508 4424 2616 4489 84.
