3234 4967
1347 326 1569 405 Adnot.
1610 348 1705 403 35.
1875 397 1885 407 .
2426 301 2433 305 '
2513 342 2590 412 5?

454 553 890 645 abutantur-‘5
933 565 1006 621 ut
1053 554 1484 623 nefandam
1546 560 1779 646 conju
1797 554 2217 645 gem.Theb.
2268 553 2395 624 Vll.
2447 554 2595 621 787.

451 662 606 729 Vlll.
658 664 807 729 120.
859 662 1056 729 Ovid.
1104 664 1268 727 Nuc.
1321 664 1467 728 109.
1515 663 1827 730 fratres
1882 662 2120 731 Achill.
2169 662 2211 726 l.
2266 664 2413 728 111.
2462 661 2600 727 du-

453 793 614 836 cem
673 769 882 836 Theb.
931 768 1042 837 Xl.
1091 769 1242 835 552.
1294 768 1445 835 add.
1495 770 1648 835 341.
1696 770 1814 835 lX.
1870 770 1973 837 18.
2021 767 2154 835 Vll.
2206 770 2367 837 386.
2420 768 2606 835 Cae-

452 900 712 945 sarem
759 876 1006 941 Lucan.
1052 874 1164 941 lX.
1213 875 1362 943 558.
1411 886 1747 941 matrem
1796 876 1948 943 Sen.
1984 875 2152 942 Oed.
2205 876 2395 951 1031.
2438 874 2597 944 ibid.

457 984 652 1059 1026:
705 984 1112 1049 nefastum
1167 982 1781 1070 spiritum-ferro
1847 983 2043 1067 exige
2100 1021 2189 1031 --
2243 980 2601 1069 rependam

453 1088 807 1155 sceleribus
876 1111 1124 1179 poenas
1199 1112 1392 1177 pares
1464 1128 1550 1151 -.—
1626 1090 1885 1154 Mater
1950 1088 2321 1156 nefanda.
2398 1086 2597 1153 1015:

452 1194 844 1261 nefandos
916 1195 1170 1262 dividat
1233 1205 1488 1263 vastum
1561 1199 1815 1262 mare.“
1921 1195 2123 1297 Hipp.
2198 1196 2357 1262 9202
2432 1193 2602 1261 celat

356 1344 361 1351 -
455 1299 770 1369 audacem
819 1302 1024 1391 quies,
1070 1301 1318 1369 Pietas
1338 1301 1821 1367 nefan·.‘dum
1804 1305 1843 1339 “
1934 1302 2026 1367 Ut
2069 1300 2174 1367 vel
2221 1300 2373 1366 hino
2418 1322 2603 1389 prae-

455 1409 678 1475 sertim
727 1409 1152 1494 suffragante,
1200 1416 1273 1473 ut
1318 1407 1604 1491 videtur,
1650 1408 1855 1476 verbo
1906 1406 2360 1476 deficiendi
2410 1431 2470 1471 v.
2514 1406 2602 1473 42

457 1514 608 1583 duci
663 1513 900 1603 aliquis
963 1523 1160 1602 queat
1218 1514 1304 1579 ad
1373 1515 1832 1603 suspicandum
1900 1514 2178 1580 Statium
2251 1511 2473 1580 cantui
2538 1520 2605 1577 et

459 1618 706 1685 habitui
743 1630 1179 1707 negantem
1226 1621 1484 1708 potius,-
1514 1644 1710 1709 quam
1758 1631 1955 1687 cantu
1984 1622 2309 1685 nefastum
2356 1618 2603 1688 dictum

459 1748 620 1809 esse,
667 1737 740 1792 ut
786 1726 1108 1817 estapud
1153 1726 1495 1806 Paulinum
1541 1728 1753 1815 Epist.
1803 1728 1889 1793 ad
1933 1726 2182 1792 Auson.
2234 1728 2278 1791 Ι.
2326 1727 2399 1793 3:
2442 1726 2601 1797 Ne·

455 1844 641 1920 gant
713 1834 1082 1903 Camenis
1160 1856 1284 1899 nec
1364 1843 1598 1922 patent
1663 1833 1955 1924 Apollini
2022 1832 2265 1899 Dieata
2338 1832 2602 1899 Christo

456 1944 771 2029 pectora“
821 1949 888 2005 et
933 1940 1268 2005 Lucanum
1315 1938 1469 2006 Vlll.
1517 1942 1588 2007 3:
1638 1938 2130 2028 stimulisque
2178 1947 2603 2027 negantem

458 2044 990 2135 (cornipedem).,
1057 2045 1284 2111 HeinS.
1335 2044 1681 2115 Claudian.
1729 2046 2007 2134 Eutrop.
2044 2048 2089 2111 Ι.
2142 2047 2269 2113 128
2315 2045 2489 2113 Add.
2538 2069 2605 2133 p.

457 2154 649 2221 1016.
699 2152 992 2223 Gronov.
1039 2152 1350 2217 Dian-..L
1396 2173 1463 2238 p.
1510 2152 1643 2219 462
1691 2170 1787 2239 sqz
1880 2152 2121 2218 Markl.
2166 2150 2377 2233 lll..5⁴,
2438 2152 2481 2217 5
2539 2174 2603 2238 p.

455 2262 584 2328 293
633 2269 701 2325 et
750 2262 808 2341 1,
861 2260 992 2325 122.
1033 2282 1097 2346 p.
1147 2259 1322 2325 263..
1393 2258 1525 2325 Sed
1581 2280 1665 2323 ne
1714 2258 1871 2347 quid
1928 2257 2138 2324 levius
2185 2267 2449 2344 agatur,
2499 2280 2607 2322 ex·

455 2365 844 2455 quirendum
893 2372 1026 2447 est,
1073 2386 1204 2453 qua
1250 2366 1574 2431 sententia
1616 2362 1771 2429 illae
1818 2372 2071 2452 partes:
2128 2364 2257 2431 Sic
2298 2364 2605 2443 ..mel-ui,

456 2474 568 2538 sic
598 2495 710 2538 me
745 2479 1144 2565 cantuque·
1172 2469 1629 2559 habituque
1670 2469 2607 2557 nefastum'Adspiciant

456 2579 717 2666 superi
763 2588 831 2643 et
876 2578 1058 2665 ipsae
1105 2577 1280 2653 inter
1325 2598 1396 2641 se
1442 2576 1765 2641 contineri
1798 2584 1865 2640 et
1908 2598 1994 2641 ex
2025 2575 2281 2663 reliquo
2314 2576 2601 2643 carmine

457 2693 650 2773 aptae
699 2706 839 2749 esse
889 2682 1262 2749 videantur.
1356 2682 1554 2765 Quod
1615 2681 1877 2770 quidem
1936 2683 2274 2768 negotium
2320 2683 2437 2747 vix
2480 2704 2609 2747 me·

459 2790 666 2856 dioeri
733 2790 909 2856 docti
979 2788 1308 2855 homines.
1344 2790 1729 2877 prosequuti
1806 2798 1957 2853 sunt
2024 2810 2205 2853 cura.
2312 2788 2605 2875 Namque

455 2896 769 2962 Barthius
828 2896 990 2961 haec
1047 2893 1295 2961 attulit:
1352 2895 1812 2977 „nefastum
1871 2894 2101 2961 habit-u
2160 2903 2229 2959 et
2274 2917 2437 2959 voce
2500 2917 2609 2962 ex·

459 3000 845 3069 secrabilem
880 3013 956 3067 et
975 3002 1323 3122 profanum
1353 3000 1683 3067 hominem
1713 2999 2165 3089 infelicemque
2190 3002 2607 3068 referentem.

455 3109 948 3198 Adspiciant
1003 3108 1327 3195 superi.
1389 3105 1614 3173 ulcisci
1674 3106 1816 3177 vult
1862 3128 2165 3195 superos,
2216 3109 2375 3195 quia
2416 3130 2607 3173 nemo

456 3215 791 3281 nesciebat
873 3212 1068 3280 talem
1140 3223 1249 3278 tar
1256 3224 1598 3302 torumque
1684 3236 1953 3301 operum
2023 3222 2321 3302 poetam
2356 3213 2609 3281 meliori

461 3322 720 3386 fortuna
765 3319 1034 3405 dignum
1081 3342 1224 3385 esse
1272 3319 1552 3407 ideoque
1597 3342 1791 3385 nemo
1846 3342 1981 3385 non
2033 3319 2307 3385 deorum
2360 3320 2609 3407 injusti·

467 3426 620 3491 tiam
669 3436 813 3493 erat
859 3410 1215 3492 devoturus
1261 3424 1424 3491 haec
1470 3424 1771 3508 videns,“
1817 3424 2133 3512 pauciora
2175 3423 2609 3491 Marklandus

463 3555 526 3596 v.
574 3533 658 3598 33
708 3554 772 3619 p.
821 3531 1004 3598 4062.
1039 3531 1506 3615 „nefastum
1579 3540 1829 3596 cantu
1899 3546 2169 3618 propter
2236 3529 2609 3599 illaudabile

463 3660 754 3721 carmen,
818 3637 1098 3704 habitu
1166 3645 1438 3726 propter
1495 3638 1953 3703 incomte.“.
2002 3636 2178 3719 Quid
2232 3658 2393 3722 ergo
2461 3637 2609 3701 est?

462 3744 682 3825 verbis
746 3745 862 3808 sie
914 3744 1172 3809 merui
1230 3742 1703 3809 confessionem
1748 3742 1895 3809 fieri
1940 3742 2205 3809 sceleris
2250 3744 2611 3830 perpetrati

464 3860 807 3918 constatne
872 3849 1174 3937 exemplo
1233 3858 1300 3914 et
1357 3847 1583 3915 Ovidii
1642 3849 1835 3915 Pont.
1882 3851 1929 3915 l.
1976 3849 2039 3931 5,
2092 3850 2207 3914 70:
2264 3848 2411 3915 Hoc
2462 3870 2613 3916 mea

462 3963 771 4023 contenta
818 3965 918 4021 est
961 3954 1192 4021 infelix
1237 3954 1431 4021 Musa
1487 3956 1781 4022 theatro:
1853 3955 1985 4023 Sic
2045 3956 2328 4039 merui3
2371 3956 2611 4041 -magni

463 4063 556 4127 sie
603 4061 872 4129 voluere
917 4062 1093 4129 new
1141 4060 1253 4151 (cf.
1286 4061 1458 4129 Her.
1479 4061 1588 4127 lV.
1627 4062 1752 4127 126
1799 4078 1865 4150 p.
1898 4062 2005 4129 52.
2054 4062 2220 4127 Stat.
2254 4060 2463 4128 Theb.
2503 4060 2609 4127 Vl.

467 4168 592 4235 168
642 4178 708 4232 et
751 4166 1166 4257 Peerlkamp.
1199 4167 1369 4233 Aen.
1400 4166 1488 4233 lll.
1523 4191 1587 4257 p.
1626 4166 1787 4255 214)
1838 4167 2189 4253 et-Valerii
2219 4167 2447 4253 Flacci
2478 4166 2608 4235 Vll.

471 4274 606 4339 420
689 4276 888 4341 tantis
955 4297 1062 4341 me
1133 4296 1464 4363 opponere
1539 4274 1847 4341 monstris
1931 4273 2138 4356 Quid
2206 4272 2609 4339 meritum?

459 4378 894 4468 ejusdemque
955 4379 1178 4446 Ovidii
1226 4380 1384 4445 Met.
1433 4378 1498 4443 ll.
1549 4380 1711 4443 290:
1782 4379 2051 4444 exitium
2108 4380 2210 4445 fae
2278 4400 2380 4443 me
2450 4400 2610 4443 mer·
