3234 4967
1336 432 1563 483 Adnol.
1604 432 1685 481 19.
2500 427 2583 493 33

423 634 700 724 papillas
750 638 870 726 (sic
919 637 1091 700 enim
1143 635 1303 701 dicit
1349 632 1691 723 Irnhofius)
1752 638 2156 722 quantopere
2212 654 2575 719 congruere

426 764 572 807 cum
619 753 883 829 pectore
931 740 1196 807 madido
1244 741 1315 806 id
1364 749 1462 806 est
1511 739 1596 805 ad
1651 738 1903 805 lactis
1966 738 2393 805 effluvium
2440 760 2582 828 per·

425 870 611 915 cusso
661 848 1094 914 arbitremur?
1190 846 1386 929 Quid,
1439 846 1615 935 quod
1664 855 1732 910 et
1777 846 1981 910 ubera
2028 845 2259 910 eadem
2306 842 2469 911 hora
2516 854 2581 909 et

425 953 620 1043 plena
667 967 732 1019 et
779 954 864 1020 ad
909 953 1098 1019 lactis
1146 954 1479 1019 effluvium
1529 952 1693 1042 (non
1741 952 2077 1038 sanguinis
2108 950 2337 1016 Barth.
2371 948 2582 1017 Theb.

424 1060 548 1127 III.
599 1060 724 1125 125
770 1084 835 1149 p.
872 1059 1030 1149 706)
1079 1082 1272 1125 caesa
1319 1072 1385 1124 et
1429 1058 1832 1124 inflammata
1879 1058 2340 1145 exsiccataque
2390 1066 2581 1122 extra

424 1166 622 1233 fidem
671 1176 820 1232 sunt
868 1177 932 1232 et
981 1175 1210 1255 aperto
1257 1176 1524 1253 pectore
1576 1166 1929 1231 convenire
1978 1165 2221 1251 inepte,
2278 1185 2361 1227 ne
2418 1162 2577 1252 quid

426 1274 693 1360 gravius
743 1272 976 1355 dicam,
1024 1282 1267 1337 inatres
1324 1272 1657 1359 jubentur,
1718 1292 1883 1358 quae
1946 1268 2252 1334 ardentes
2306 1266 2581 1357 papillas

423 1378 922 1444 restinxerunt?
1011 1378 1144 1443 Sed
1205 1376 1356 1441 nolo
1417 1374 1608 1463 plura
1672 1376 2132 1460 argumentari,
2181 1376 2235 1439 si
2283 1374 2439 1463 quid
2486 1386 2584 1439 est

429 1484 720 1549 evidens.
814 1482 1111 1547 Evidens
1171 1490 1387 1546 autem
1449 1480 1574 1545 hoc
1637 1490 1737 1545 est
1795 1482 2075 1545 inventis
2124 1481 2416 1566 frugibus
2460 1482 2585 1547 Im-

429 1588 670 1653 hofium
734 1587 1118 1676 praetulisse
1177 1586 1472 1672 glandes.
1571 1586 1700 1668 Qui
1761 1586 1933 1674 quod
1984 1608 2207 1651 veram
2264 1608 2404 1651 esse
2452 1608 2584 1651 cre-

433 1692 528 1757 dit
573 1716 822 1777 vocem‚
886 1716 1077 1781 quam
1137 1692 1432 1758 codicum
1490 1714 1840 1757 consensus
1886 1694 2128 1779 insigni
2173 1690 2583 1756 librariorum

429 1800 718 1865 facinore
777 1799 1094 1864 conflatus
1152 1797 1452 1887 praebet,
1523 1821 1655 1863 non
1710 1820 1865 1863 sane
1928 1797 2223 1883 intelligo
2283 1819 2397 1862 cur
2452 1820 2582 1863 non

427 1903 598 1969 idem
669 1914 735 1969 et
805 1907 1167 1970 cinerum
1238 1906 1856 1993 carminumque
1925 1905 2196 1969 istorum
2257 1926 2320 1969 v.
2373 1903 2457 1968 14
2518 1914 2583 1969 et

427 2008 826 2097 genitalis
897 2012 1286 2077 carminis
1352 2035 1417 2075 v.
1481 2012 1566 2075 70
1634 2022 1701 2074 et
1770 2008 2131 2075 crudelium
2203 2008 2580 2075 malarum

427 2138 488 2181 v.
540 2116 627 2181 20
675 2118 984 2205 suscipiat
1031 2118 1481 2205 patrocinium.

1298 2350 1375 2430 V.
1439 2352 1536 2429 19.
1597 2350 1725 2429 20.

601 2536 722 2618 „Si
770 2536 912 2623 quis
959 2535 1427 2622 pubescentem
1473 2532 1679 2599 filium
1727 2534 1943 2599 amisit
1988 2544 2055 2600 et
2086 2533 2253 2600 vidit
2283 2534 2581 2601 crudeles

425 2640 716 2706 flammas
779 2642 924 2727 rogi
983 2662 1246 2729 serpere
1303 2642 1516 2731 prima
1561 2638 1735 2704 illius
1780 2638 2109 2726 lanugine,
2160 2640 2355 2705 adsit.
2443 2642 2581 2709 Nos

424 2748 518 2811 ita
561 2745 866 2832 legimus:
915 2784 1004 2795 --
1047 2746 1115 2811 in
1163 2746 1306 2812 aliis
1357 2744 1691 2813 codicibus
1738 2748 1835 2810 ita
1880 2746 2193 2813 mendose
2241 2748 2576 2815 scribitur.-

425 2851 702 2939 Serperc
758 2851 1053 2919 crudeles
1121 2856 1384 2942 prima
1452 2852 1759 2939 lanugine
1830 2851 2097 2919 malas.
2182 2854 2384 2943 Atqui
2432 2878 2583 2942 quo-

423 2958 620 3027 modo
701 2962 1098 3024 conveniunt
1175 2958 1545 3025 crudeles
1620 2957 1983 3024 malae?“
2074 2960 2183 3026 Sic
2252 2960 2571 3027 arbitrato

424 3064 717 3129 Domitio
767 3068 1012 3131 assensi
1043 3077 1222 3132 ·sunt
1285 3088 1507 3131 omnes
1567 3074 1835 3154 praeter
1897 3065 2404 3151 lVakefieldum,
2468 3072 2580 3156 qui

427 3169 583 3236 silv.
650 3170 812 3237 Orit.
875 3172 1022 3237 Vol.
1081 3172 1187 3239 lV.
1259 3198 1324 3262 p.
1391 3174 1474 3238 23
1552 3174 1870 3237 correxit:
1952 3172 2375 3261 „Carpere
2444 3194 2583 3238 cru-

430 3275 674 3342 delem
721 3278 888 3343 vidit
936 3277 1242 3365 lanugine
1293 3278 1498 3344 malas
1561 3280 1602 3342 i.
1653 3302 1710 3343 e.
1762 3290 1826 3343 et
1873 3278 2037 3343 vidit
2086 3278 2416 3344 crudelem
2466 3278 2579 3369 (ci-

431 3384 682 3475 nerem)
741 3408 1008 3473 carpere
1029 3391 1070 3425 “
1133 3386 1421 3474 (Duebn.
1467 3408 1530 3473 p.
1575 3384 1759 3474 292).
1856 3386 2063 3469 Quasi
2109 3408 2270 3452 vero
2331 3385 2401 3451 id
2456 3387 2579 3453 hoc

428 3486 574 3553 loco
635 3491 964 3577 agendum
1021 3494 1236 3576 fuerit,
1298 3502 1371 3556 ut
1425 3502 1908 3582 proponeretur
1964 3492 2233 3581 aliquid,
2291 3492 2468 3583 quod
2514 3504 2581 3558 et

429 3598 695 3685 majoris
742 3598 1101 3664 molimenti
1151 3609 1322 3664 esset
1370 3610 1435 3663 ct
1483 3599 1709 3663 durius
1759 3598 2007 3663 dictum
2064 3622 2142 3664 ac
2187 3598 2575 3688 posthaben-

432 3701 583 3767 dum
655 3703 762 3769 vel
832 3704 982 3771 huic
1054 3717 1448 3771 commento:
1521 3728 2053 3793 „primamque
2124 3745 2212 3754 —
2286 3706 2574 3793 Carpere

427 3810 808 3875 crudelem“
856 3812 1064 3901 (quod
1113 3813 1490 3901 suppeditat
1535 3814 1863 3877 Lactantii
1909 3812 2117 3878 Theb.
2152 3810 2282 3877 Vll.
2316 3813 2447 3879 315
2491 3812 2579 3879 lo·

427 3939 572 3981 cus:
622 3920 985 4005 „primus
1042 3920 1542 3985 urentibus“
1591 3920 1683 3983 sic
1730 3920 1797 3983 in
1831 3918 2053 3984 Sinide
2087 3918 2213 3983 IX.
2263 3920 2304 3983 2
2349 3941 2413 4007 p.
2452 3921 2575 3985 197

425 4023 784 4111 expolitus:
835 4027 1116 4112 prunis
1164 4024 1602 4115 viventibus)
1654 4035 1766 4090 aut
1812 4026 1950 4089 isti:
1999 4026 2079 4089 in
2126 4046 2575 4113 prunasque

422 4169 510 4178 —
569 4131 848 4218 Serpere
919 4121 1386 4198 crescentes
1456 4133 1624 4199 vidit
1679 4172 1768 4181 —
1835 4131 2142 4217 lanugine
2201 4131 2405 4196 malas
2465 4131 2575 4221 (cf.

426 4236 631 4302 Theb.
668 4237 796 4303 Vll.
833 4238 989 4303 655:
1041 4250 1424 4304 crescunt
1455 4238 1764 4325 lanugine
1798 4236 2117 4303 malae.“
2166 4237 2575 4333 addrssurm.

424 4344 795 4409 Nemesian.
848 4346 1015 4431 Cyn.
1066 4347 1150 4410 2⁴.)
1199 4369 1262 4432 p.
1312 4346 1495 4434 337).
1575 4346 1740 4411 Mihi
1799 4344 2061 4433 quidem
2122 4346 2454 4429 reputanti
2510 4348 2575 4406 in

425 4449 696 4515 Domitii
781 4464 846 4515 et
917 4451 1388 4536 Lindenbrogii
1470 4451 1653 4515 libris
1725 4460 1983 4515 extare:
2068 4451 2384 4535 „prima
2465 4448 2577 4511 la·

742 4561 866 4613 Stat.
909 4558 1086 4627 Eclog.
1311 4556 1320 4566 ⁸
2240 4555 2268 4604 3
