3234 4967
1347 337 1572 395 Adnot.
1607 339 1703 390 27.
2500 333 2583 397 43

441 554 660 610 utrum
703 546 774 610 in
818 543 1034 610 medio
1082 567 1280 610 versu
1327 545 1835 631 superscriptam
1882 543 2079 608 fuisse
2128 540 2369 606 rectius
2418 540 2586 606 dica-

443 673 586 716 mus
618 674 703 715 an
731 649 1208 738 interpretandi
1255 652 1473 736 gratia
1517 651 1799 738 primum
1846 649 2212 737 appositam
2261 645 2421 712 illis:
2468 648 2588 712 ira

443 756 773 822 tacendi
852 766 951 821 est
1017 757 1484 844 impatiens,
1556 754 1795 821 deinde
1862 756 1931 820 in
1998 755 2210 842 ipsum
2278 774 2584 818 versuum

446 863 741 928 ordinem
821 860 1202 927 translatam
1279 861 1362 928 ab
1441 861 1712 927 librario
1784 883 1916 927 non
1990 860 2255 926 omnino
2322 858 2585 925 indocto

443 1007 531 1018 —-·
548 967 765 1034 Hand.
785 968 1046 1034 Turs.I.
1064 991 1130 1055 p.
1154 967 1306 1033 512.
1367 968 1637 1034 Lachm.
1660 969 1925 1033 Lucret.
1950 967 2075 1033 III.
2110 966 2235 1034 531
2265 990 2330 1054 p.
2351 966 2477 1032 173
2500 1003 2588 1014 -—-

445 1072 868 1162 additumque
916 1075 1064 1138 voci
1112 1096 1296 1139 orsa
1349 1096 1480 1140 non
1516 1077 1658 1164 jam
1714 1096 1833 1161 pro
1879 1073 2105 1157 verbe,
2154 1073 2270 1139 sed
2316 1095 2435 1162 pro
2480 1094 2589 1138 no-

443 1181 616 1246 mine
662 1177 958 1268 habitae)
1005 1180 1382 1268 saepissime
1429 1182 1496 1244 in
1535 1179 1753 1246 locum
1796 1178 2167 1245 litterarum
2216 1201 2297 1244 es
2344 1199 2590 1244 succes·

445 1285 654 1352 sisse?
711 1295 786 1350 ut
845 1285 1022 1373 apud
1068 1284 1440 1351 Martialem
1485 1284 1592 1349 Vl.
1638 1287 1746 1368 39,
1799 1287 1868 1352 1:
1924 1287 2137 1351 factus
2194 1307 2277 1350 es
2338 1293 2587 1372 septem

446 1394 595 1459 Non
641 1392 1016 1458 liberorum.
1086 1392 1280 1456 Voss.
1353 1389 1528 1455 Gud.
1577 1399 1719 1454 est.
1780 1389 1871 1454 111.
1921 1389 2027 1473 24,
2081 1390 2192 1455 14:
2252 1392 2461 1455 factus
2508 1411 2589 1454 es

445 1500 584 1585 ipse
643 1519 862 1587 caper.
925 1495 1180 1560 Thuan.
1240 1505 1383 1561 est.
1443 1495 1571 1562 IX.
1628 1495 1745 1577 50,
1804 1496 1849 1559 4
1902 1518 2179 1581 magnus
2235 1496 2429 1562 homo
2486 1519 2585 1561 eS.

443 1603 698 1670 Thuan.
734 1614 874 1668 est.
907 1601 1062 1668 Vlll.
1093 1601 1202 1684 40,
1237 1602 1308 1666 3:
1355 1601 1465 1666 Ex
1498 1623 1627 1689 quo
1656 1610 1851 1666 natus
1884 1624 1967 1667 es
2000 1610 2064 1666 et
2093 1612 2283 1691 potes
2315 1602 2587 1668 renasci.

446 1709 622 1776 Grud.
657 1718 796 1774 est.
843 1707 980 1774 Xll.
1014 1706 1121 1778 35.
1155 1708 1228 1773 3:
1260 1707 1409 1772 Non
1459 1729 1540 1774 es
1581 1716 1717 1772 tam
1749 1706 2045 1795 simplex.
2092 1708 2286 1773 Voss.
2312 1707 2585 1780 ‚Thuam

445 1827 592 1880 est.
643 1814 840 1881 Ovid.
887 1814 1048 1879 Her.
1081 1813 1270 1880 XIV.
1308 1813 1411 1878 14.
1489 1814 1534 1878 J
1538 1835 1683 1899 aeg.
1725 1813 1865 1879 Inc.
1894 1813 2144 1898 Paneg.
2180 1813 2588 1880 Constantin.

445 1921 552 2003 26,
589 1921 622 1985 1
657 1943 725 2007 p.
757 1918 908 1983 540.
979 1918 1302 1984 Schwarz.
1335 1917 1504 1984 Plin.
1536 1919 1783 2004 Paneg.
1816 1918 1928 1986 IX.
1968 1920 2000 1983 1
2036 1942 2102 2007 p.
2140 1920 2243 1986 19.
2291 1921 2587 2006 Brieger.

441 2024 674 2091 Philol.
705 2025 930 2090 XXV.
967 2025 1000 2087 1
1029 2047 1093 2110 p.
1123 2023 1227 2089 73.
1260 2023 1523 2088 Lucret.
1549 2022 1616 2088 11.
1645 2025 1804 2090 8023
1853 2025 2041 2107 Quae
2064 2026 2193 2090 sita
2225 2028 2589 2092 cervicem

446 2142 584 2198 est.
643 2130 835 2197 codd.
895 2131 1245 2195 cervices.
1345 2129 1579 2217 Itaque
1648 2129 1730 2195 de
1786 2129 1911 2195 hoc
1966 2141 2185 2197 certus
2246 2155 2405 2198 sum.
2448 2153 2593 2220 sup-

446 2237 809 2326 plemento:

939 2377 1060 2413 orsa
1099 2362 1276 2414 acuit
1314 2361 1537 2414 rabies
1575 2368 1733 2430 atque
1772 2363 1847 2414 ira
1886 2361 2095 2414 tacendi

792 2443 1104 2516 Impatien53
1142 2445 1236 2500 sed
1275 2462 1376 2500 nec
1411 2447 1605 2500 solitae
1644 2447 1768 2500 mihi
1820 2449 2015 2500 vertice
2054 2447 2248 2501 laurus.

447 2548 645 2633 Quod
705 2570 790 2614 ex
846 2549 992 2636 ipsa
1034 2556 1378 2635 poetarum
1423 2546 1705 2614 lectione
1754 2549 2020 2614 ductum
2068 2559 2409 2635 agnoscet,
2460 2553 2593 2639 qui—

446 2677 702 2744 cunque
760 2665 827 2720 et
885 2653 1093 2719 Theb.
1133 2652 1202 2718 ll.
1249 2654 1409 2722 336:
1465 2653 1823 2743 pervigiles
1882 2665 2175 2720 acuunt
2232 2657 2593 2744 suspiria

447 2772 770 2851 questus
818 2770 885 2825 et
932 2783 1098 2848 quae
1146 2759 1556 2847 collegerunt
1597 2761 2073 2827 Rittershusius
2122 2760 2407 2850 Oppian.
2438 2763 2590 2828 Hal.

444 2868 534 2934 II.
566 2869 693 2936 331
743 2892 808 2955 p.
843 2867 992 2932 241.
1071 2867 1380 2932 Barthius
1413 2867 1621 2934 Theb.
1652 2867 1697 2932 l.
1731 2868 1794 2932 d.
1828 2890 1892 2933 v.
1926 2869 2056 2934 332
2087 2892 2151 2955 p.
2182 2868 2336 2934 461.
2395 2869 2594 2936 Hein—

445 2975 578 3040 sius
623 2972 800 3039 Adv.
831 2972 950 3037 IV.
985 2975 1026 3038 3
1073 2997 1138 3060 Ρ.
1171 2973 1302 3038 578
1351 2981 1418 3038 et
1462 2974 1530 3038 in
1575 2973 1725 3039 Val.
1768 2972 1987 3039 Flacc.
2022 2973 2155 3040 Vll.
2187 2975 2319 3039 294
2362 2999 2427 3062 Ρ.
2462 2975 2593 3042 610

445 3066 988 3168 Burmannusque
1019 3081 1076 3146 I.
1111 3080 1233 3146 761
1285 3104 1348 3169 Ρ.
1387 3083 1509 3146 131
1561 3089 1629 3145 et
1678 3103 1791 3147 eos
1837 3079 2247 3148 contenderit
2290 3079 2491 3164 locos,
2524 3081 2589 3144 in

447 3187 682 3275 quibus
731 3209 925 3253 voces
971 3186 1280 3252 rabiem
1325 3196 1394 3252 et
1437 3188 1645 3252 iram
1690 3187 2087 3275 compositas
2129 3183 2265 3272 legi
2308 3185 2591 3252 diximus

446 3292 640 3380 Valg.
673 3317 738 3380 p.
770 3293 902 3358 426
949 3316 1045 3381 sq.
1081 3294 1318 3360 omisso
1364 3293 1723 3359 Arntzenio
1770 3292 1993 3359 Sedul.
2040 3293 2096 3358 I.
2134 3291 2263 3358 184
2306 3315 2371 3380 Ρ.
2407 3292 2492 3357 70
2525 3303 2593 3356 et

445 3398 604 3466 Silio
650 3398 826 3464 XVI.
873 3400 1037 3464 237:
1098 3397 1410 3464 rabiem
1471 3409 1717 3487 atque
1763 3400 1941 3464 iras
1987 3397 2389 3488 expellere.“
2478 3397 2590 3464 Xl.

445 3505 610 3570 224:
657 3504 962 3573 rabiem
1006 3505 1476 3593 irarumque
1521 3504 1911 3593 procellas.“
1972 3504 2235 3571 Ennod.
2275 3505 2493 3572 Carm.
2524 3503 2590 3569 ll.

445 3611 550 3693 33,
598 3609 641 3676 5
671 3633 736 3699 p.
769 3610 920 3676 342.
952 3611 1046 3680 A:
1091 3611 1265 3695 Ira,
1313 3592 1543 3698 pavor,
1590 3611 1866 3677 rabies
1878 3627 1911 3695 ,·
1944 3613 2269 3700 patientia
2297 3621 2593 3698 tempora

442 3716 512 3781 in
541 3721 740 3782 un0.“
766 3717 929 3783 Stat.
957 3715 1163 3784 Theb.
1197 3717 1287 3784 X.
1321 3718 1488 3784 823:
1518 3717 1857 3805 Nusquam
1890 3719 2092 3784 irae:
2126 3717 2297 3784 sedit
2327 3717 2593 3784 rabies

445 3821 866 3912 feritasque.“
921 3822 1083 3890 Silv.
1117 3824 1200 3890 V.
1236 3824 1295 3905 l,
1328 3824 1448 3888 22:
1494 3822 1811 3889 rabidis
1855 3821 2119 3913 pulsare
2152 3821 2479 3912 querelis“
2510 3824 2591 3888 cf.

443 3928 667 3997 Burm.
699 3930 966 3997 Petron.
1002 3930 1127 3997 108
1172 3953 1238 4019 p.
1273 3929 1423 3995 644.
1499 3930 1727 3996 Burm.
1757 3930 1953 4018 Prop.
1987 3929 2077 3996 111.
2110 3929 2191 4013 6,·
2227 3932 2305 3997 11
2340 3953 2405 4020 Ρ.
2440 3928 2592 3996 553.

1292 4093 1378 4176 V.
1441 4095 1560 4175 29.
1621 4093 1745 4180 30.

622 4255 840 4343 Prope
875 4257 1062 4345 piget
1090 4257 1337 4323 referre
1363 4255 1829 4324 Marklandum
1852 4258 2017 4325 haec
2040 4267 2593 4346 argumentatum:

439 4360 692 4446 „Plane
753 4363 980 4450 inepta
1039 4374 1137 4429 est
1198 4363 1438 4451 positio
1498 4366 1681 4429 vocis
1743 4367 2001 4429 ramis.
2096 4365 2272 4447 Quid
2328 4363 2412 4428 ad
2457 4385 2669 4428 rem-
