3234 4967
1323 398 1556 452 Adnot.
1610 399 1678 449 68
2454 394 2577 458 107

438 606 479 669 2
532 628 596 691 p.
672 603 843 669 1075
899 603 1339 692 Heinsiusque
1408 626 1472 693 p.
1542 606 1692 669 999.
1754 602 2021 671 Colirius
2082 600 2275 692 Apul.
2339 600 2575 691 Dogm.

440 706 606 775 Plat.
654 709 715 775 ll.
765 731 827 797 p.
879 702 1029 775 2522

1384 942 1462 1019 V.
1527 944 1641 1023 68.

614 1129 747 1211 Qui
794 1127 875 1193 dc
924 1135 1099 1192 statu
1145 1125 1337 1215 hujus
1384 1143 1612 1188 versus
1671 1124 2168 1211 quaesiverunt,
2219 1124 2283 1188 in
2334 1146 2581 1189 summa

439 1235 942 1299 sunt-varietate
976 1242 1043 1297 et
1075 1230 1494 1300 dissensione.
1572 1229 1740 1293 Nam
1787 1250 1982 1317 quum
2029 1231 2378 1295 inventum·
2412 1239 2583 1295 esset

438 1340 760 1405 samium
804 1340 874 1404 in
923 1338 1151 1404 codice
1197 1336 1453 1401 Patavii
1500 1334 1722 1423 (quem
1773 1358 1814 1400 a
1858 1334 2249 1423 Dempstero
2296 1335 2580 1424 Paralip-

437 1445 480 1510 1.
530 1444 595 1511 d.
641 1469 708 1543 p.
756 1444 904 1511 394.
954 1444 1016 1510 A
1062 1442 1397 1509 laudatum
1454 1442 1798 1507 nominare
1853 1462 2050 1528 quum
2095 1442 2374 1529 fugisset
2421 1441 2585 1508 Gro-

443 1552 710 1618 novium
754 1550 971 1617 Diatr.
1020 1572 1083 1638 p.
1130 1549 1280 1633 592,
1328 1549 1501 1635 fugit
1544 1547 1848 1612 nimirum
1883 1547 2080 1613 etiam
2114 1547 2578 1613 Marklandum

438 1684 502 1748 p.
550 1658 735 1747 410),
784 1658 1095 1723 simium
1144 1658 1209 1721 in
1256 1654 1591 1722 codicibus
1648 1654 1924 1721 Domitii
1983 1662 2050 1719 et
2105 1653 2581 1741 Lindenbrogii

440 1776 507 1830 et
552 1764 948 1830 editionibus
992 1764 1207 1829 Pam.
1255 1764 1465 1846 Rom„
1538 1782 1915 1827 summum
1985 1762 2052 1827 in
2120 1760 2580 1847 Rehdigerano

442 1882 511 1937 et
556 1870 846 1936 editione
893 1870 1170 1954 Veneta,
1202 1870 1533 1936 Domitius
1576 1892 1643 1957 p.
1692 1867 1844 1935 575.
1907 1868 1961 1935 C
2025 1868 2343 1933 simium
2401 1888 2584 1956 prae-

441 1978 715 2067 optavit,
765 1978 869 2042 eui
917 2000 957 2041 a
1000 1974 1274 2041 Bartb'io
1320 2000 1385 2065 p.
1432 1975 1565 2040 505
1623 1984 1691 2039 et
1735 1973 2132 2041 Marklando
2187 1996 2252 2062 p.
2310 1972 2446 2038 410
2488 1991 2583 2038 re-

439 2087 649 2151 futato
695 2083 861 2150 favit
920 2093 1138 2148 tam-cn
1194 2082 1587 2147 Duebnerus
1645 2104 1709 2167 p.
1780 2081 1944 2145 293:
2014 2081 2384 2163 „simiu‘m
2451 2096 2582 2145 non

440 2210 583 2255 esse
631 2188 1057 2273 rejiciendum
1085 2186 1572 2267 contenderem,
1621 2187 1677 2251 si
1721 2206 2031 2249 mensura
2075 2176 2212 2251 sism
2220 2188 2396 2273 jum
2444 2186 2584 2252 Sta-

440 2295 634 2360 tianis
666 2292 1237 2382 exemplis-posset
1270 2286 1609 2374 defendi,“·
1637 2292 1950 2356 Petavius
1982 2292 2282 2357 correxit·
2317 2291 2586 2379 „lingua

439 2400 839 2484 Samium“,
867 2400 1019 2466 dum
1045 2399 1241 2465 Nonii
1265 2396 1696 2465 etcieemnis
1717 2397 2176 2463 auctoritatem
2201 2399 2582 2486 interponit,

440 2528 579 2595 per¹
605 2508 770 2574 duos
802 2528 1058 2573 errores
1089 2504 1331 2595 lapsus,
1360 2524 1640 2594 quorum
1673 2503 1948 2570 alterum
1983 2492 2581 2592 Salmasi‘ivopisc.

438 2614 772 2681 Aurelian.
824 2614 881 2677 7.
932 2636 996 2701 p.
1032 2603 1175 2678 '435
1235 2612 1531 2677 doctrina
1596 2608 1806 2675 fietus
1874 2612 2129 2676 notavit
2186 2610 2582 2693 GronoviuS,

439 2719 715 2787 alterum
763 2730 917 2785 ante
966 2718 1373 2785 Gronovium
1417 2712 1848 2805 Dempsterus
1907 2738 2030 2782 nec
2077 2715 2416 2783 Gronovio
2436 2701 2442 2709 ⁸
2463 2708 2598 2783 nec'

440 2826 832 2893 Marklando
892 2833 1464 2906 commemoratum,
1536 2844 1672 2889 non
1737 2823 1894 2889 item
1961 2822 2272 2889 Bai-thius
2319 2848 2382 2911 p.
2431 2824 2582 2905 506,

439 2932 751 2999 Barthius
799 2929 1067 3015 „sales
1116 2930 1200 2995 ad
1240 2940 1429 2995 ‘suam
1477 2928 1832 3016 linguam
1877 2929 2146 3015 redigi“
2209 2929 2416 2996 voluit
2461 2929 2585 2995 hoc

440 3038 667 3103 modo:
714 3036 1111 3125 „linguaque
1160 3036 1363 3102 simul·
1394 3035 1875 3124 manibusque
1924 3040 2374 3123 protervum,“
2423 3036 2588 3102 Gro-

440 3145 679 3211 novius
724 3166 765 3209 a
808 3141 1085 3225 Barthii,
1134 3162 1329 3230 quem
1370 3140 1629 3207 silentio
1675 3141 1816 3229 ipse
1865 3142 2225 3207 transmisit
2267 3164 2391 3207 nec
2435 3152 2586 3231 post

442 3250 783 3339 quisquam
830 3247 914 3314 ab
961 3246 1289 3315 oblivione
1336 3246 1716 3329 vindicavit,
1768 3247 2206 3336 disputatione
2255 3249 2585 3335 profectus

442 3377 717 3444 puerum
772 3355 1239 3444 pantomimum
1293 3356 1458 3441 „qui
1511 3351 1740 3439 lingua
1793 3376 2022 3419 sensus
2091 3374 2584 3442 sermonemque

444 3461 715 3528 aliorum
740 3460 1071 3549 graphice
1118 3460 1459 3542 referret“,
1530 3459 1926 3547 descriptum
1973 3480 2116 3525 esse
2163 3459 2292 3525 his:
2361 3459 2589 3546 lingua

444 3567 692 3635 simili
742 3567 1114 3655 salibusque
1162 3570 1591 3655 protervum“
1641 3566 1764 3631 sibi
1794 3567 2120 3654 persuasit
2149 3590 2216 3655 p.
2264 3565 2394 3632 593
2441 3588 2588 3653 pro-

442 3674 751 3763 bavitque
822 3676 917 3739 sic
983 3670 1378 3739 Marklando
1395 3722 1411 3754 ,
1493 3672 1551 3737 is
1619 3680 1694 3735 ut
1769 3670 2324 3754 emendationem,
2393 3691 2586 3759 quam

441 3780 649 3870 liquet
682 3802 861 3847 esse
921 3779 1304 3868 perplexam
1372 3788 1569 3866 atque
1637 3777 2058 3860 inconditam,
2129 3776 2378 3843 diceret
2446 3796 2588 3843 esse

447 3886 779 3974 optimam,
828 3888 955 3952 nisi
1005 3886 1181 3975 quod
1212 3888 1482 3975 propius
1514 3894 1688 3950 esset
1719 3886 2079 3973 scripturae
2127 3883 2427 3950 codicum
2458 3904 2598 3950 unas

445 4002 697 4059 tantum
784 3992 1009 4061 littera
1088 4000 1341 4059 mutata
1424 3991 1714 4078 lingua
1795 3992 2160 4057 nimiumt
2249 3990 2587 4056 nimium

441 4098 669 4185 liugn
686 4120 758 4183 a,
795 4100 878 4167 ob
904 4101 1086 4189 quod
1118 4122 1319 4189 supra
1349 4108 1745 4166 vocarentur
1774 4097 2172 4188 loquaces
2204 4096 2590 4182 deliciae,

443 4213 517 4269 ut
582 4204 815 4271 Horat.
886 4206 976 4272 II.
1053 4207 1137 4272 12
1200 4206 1535 4272 nimium
1601 4227 1815 4269 mero
1883 4196 2228 4293 Hylaeum.
2283 4243 2370 4254 —-
2430 4206 2587 4270 Tac.

446 4309 615 4377 Hist.
662 4311 717 4376 I.
766 4310 851 4377 35
898 4314 1129 4378 nimii
1177 4312 1513 4378 verbis.‘·
1562 4310 1938 4377 Marklandi
1987 4320 2212 4377 autem
2253 4311 2587 4377 inventum
