3234 4967
1184 363 1434 417 Adnue.
1485 364 1573 415 17.
2476 359 2551 425 31

411 577 632 621 errore
677 555 808 621 ista
851 561 1197 620 vereantur
1244 553 1480 636 omnia,
1522 551 1680 617 satis
1728 559 1828 617 est
1872 559 2381 618 commonstrare
2425 576 2559 618 una

413 665 554 750 ejus
617 659 749 726 loci
817 661 1312 746 significatione,
1383 681 1576 746 quem
1645 657 1727 722 de
1800 657 2169 747 Hypsipyle
2213 661 2555 748 'scriptum

409 766 722 833 Imhofius
764 790 897 832 non
927 765 1190 832 videtur
1227 764 1606 830 recordatus
1650 785 1813 829 esse.
1907 765 2104 849 Quid,
2152 766 2329 855 quod
2372 769 2561 835 mira-

411 873 648 940 biliora
701 873 864 938 haec
921 871 1030 937 ille
1093 873 1392 960 subjecit:
1453 920 1495 962 ,,
1512 870 1793 936 Omnino
1852 881 2101 944 autem,
2129 882 2368 961 poetae
2420 896 2561 940 sen-

416 981 626 1045 tentia
690 979 886 1064 longe
955 977 1086 1044 alia
1153 987 1272 1044 est.
1389 979 1606 1059 Quum
1676 979 1847 1042 enim
1916 987 2145 1044 tenera
2212 980 2562 1048 admodum

417 1096 634 1152 aetate
679 1083 992 1172 puerulus
1036 1087 1160 1150 iste
1209 1085 1552 1150 defunctus
1601 1092 1795 1168 esset,
1840 1085 2055 1171 primo
2098 1084 2244 1152 loeo
2292 1088 2379 1154 ad
2424 1091 2566 1177 ejus

415 1203 694 1258 mortem
749 1190 1103 1278 lugendam
1159 1200 1402 1256 matres
1461 1213 1574 1255 eas
1616 1190 1857 1255 invitat
1902 1199 2121 1276 poeta,
2168 1215 2337 1280 quae
2384 1195 2569 1282 ipsae

421 1310 612 1368 natos
667 1299 808 1364 sub
876 1298 1262 1364 ube-ribus
1331 1296 1598 1385 plenis
1658 1295 1751 1362 ad·
1800 1297 2031 1362 funera
2079 1299 2220 1385 jam
2266 1297 2571 1367 tulerunt

421 1407 486 1474 h.
521 1429 578 1470 e.
627 1427 794 1493 quae
842 1403 1264 1491 parvulorum
1309 1412 1588 1469 mortem
1631 1405 1772 1490 jam
1820 1412 1969 1467 sunt
2017 1415 2353 1492 expertae.
2445 1407 2574 1472 Ea-

424 1536 566 1579 rum
619 1521 900 1576 matrum
956 1511 1307 1596 imaginem
1354 1531 1470 1574 suo
1517 1531 1699 1574 more
1745 1511 1917 1574 vivis
1962 1510 2287 1576 coloribus
2334 1534 2574 1580 ornans

433 1619 516 1683 ad
554 1616 1068 1682 misericordiam
1113 1598 1506 1681 mov'endam
1553 1623 1619 1679 et
1666 1614 1938 1680 affectus
1984 1617 2373 1701 incitandos,
2428 1641 2575 1705 gra-

433 1724 518 1790 du
558 1722 820 1790 labente
869 1721 1248 1788 incedentes
1295 1721 1490 1806 fingit
1533 1731 1600 1785 et
1644 1720 1981 1786 madidum
2026 1731 2257 1808 pectus
2305 1723 2578 1790 caeden-

427 1839 527 1896 tes
603 1839 670 1894 et
746 1825 1356 1914 restringentes
1430 1826 1789 1916 papillas
1862 1827 2086 1892 lacte
2162 1829 2571 1896 ardentes.

428 1937 610 2021 Ergo
667 1933 844 2022 quod
899 1936 966 1998 in
1026 1931 1444 2021 epithalamio
1507 1933 1749 2000 Stellae
1808 1944 1875 1998 et
1920 1933 2339 2000 Violantillae
2397 1937 2453 2001 I.
2514 1938 2575 2019 2,

431 2043 564 2107 270
620 2041 1010 2129 deprecatus
1067 2050 1228 2122 erat,
1293 2062 1376 2104 ne
1424 2061 1730 2127 umquam
1778 2062 1945 2126 puer
1988 2041 2250 2106 mollem
2296 2051 2576 2126 uterum,

430 2169 514 2212 ne
558 2149 800 2214 stantia
840 2154 1113 2235 pectora
1154 2141 1470 2228 laederet,
1523 2144 1594 2208 id
1624 2147 1767 2233 jam
1810 2144 1907 2210 his
1949 2148 2269 2213 matribus
2310 2149 2580 2215 accidit:

434 2265 758 2342 coguntur
803 2254 976 2319 enim
1022 2253 1239 2320 subita
1281 2251 1665 2318 lactentium
1710 2263 1941 2336 morte,
1992 2262 2066 2318 ut
2104 2253 2383 2342 papillas
2411 2254 2581 2321 lacte
2628 2237 2642 2342 l

435 2361 744 2428 ardentes
807 2360 873 2425 h.
917 2383 976 2426 e.
1037 2381 1390 2446 suppresso
1445 2359 1614 2432 lacte
1671 2357 2105 2425 inflammatas
2160 2362 2581 2446 restringant,
2630 2353 2639 2432 ,¹

435 2465 764 2549 claudant,
839 2466 1160 2531 exsiccari
1217 2465 1568 2551 patiantur.
1661 2464 1779 2530 Uti
1841 2466 2238 2552 saepissime,
2305 2468 2400 2532 ita
2458 2467 2585 2532 hoc
2626 2461 2629 2464 ⁴

435 2573 579 2638 loco
627 2570 962 2638 vocabulis
1005 2572 1216 2636 utitur
1263 2571 1530 2653 Statius,
1591 2592 1758 2657 quae
1804 2571 1873 2634 in
1921 2573 2153 2658 quavis
2198 2593 2271 2638 re
2316 2575 2585 2661 propria

439 2688 608 2744 sunt.
699 2677 1020 2742 Ardent
1074 2675 1304 2742 morbo
1363 2685 1562 2757 artuS,
1632 2697 1833 2763 quum
1885 2675 2393 2746 inflammatione
2450 2701 2588 2746 cor-

438 2785 608 2872 repti
673 2792 841 2866 sunt,
904 2785 1090 2870 cujus
1147 2782 1433 2848 notionis
1492 2781 1699 2846 multa
1754 2782 2059 2870 exempla
2118 2796 2589 2872 congesserunt

440 2890 918 2978 lexicographi,
1008 2888 1090 2954 de
1173 2887 1752 2974 restringendi
1832 2891 2099 2956 notione
2174 2886 2431 2958 medica
2504 2895 2589 2958 cf.

439 2999 668 3065 Seren.
725 2995 1051 3062 Sammon.
1109 2995 1263 3060 519.
1353 2995 1462 3060 Ita
1519 2995 1602 3060 de
1674 2995 2134 3061 auxiliandi
2204 2999 2273 3064 vi
2332 2998 2589 3064 medica

444 3104 578 3170 vid.
641 3101 866 3168 Mai-kl.
925 3101 1011 3167 ad
1067 3099 1226 3168 Silv.
1274 3101 1358 3168 V.
1412 3103 1470 3182 1,
1536 3101 1731 3164 158.“
1797 3102 1891 3166 At
1948 3125 2114 3190 quae
2178 3106 2595 3170 exsiccantur

443 3230 784 3290 mammae,
833 3208 1244 3293 exstingui
1288 3196 1593 3272 dicuntur
1640 3229 1681 3271 a
1722 3206 1937 3273 Plinio
1985 3209 2065 3274 N.
2114 3209 2199 3274 H.
2247 3209 2478 3276 XXlll.
2526 3215 2589 3296 2,

444 3318 530 3382 32
590 3339 656 3403 p.
713 3316 820 3380 20.
899 3312 1238 3378 Keuchen.
1307 3310 1530 3378 Seren.
1602 3311 1931 3378 Sammon.
1990 3315 2095 3397 20,
2153 3315 2278 3380 351
2335 3339 2403 3404 p.
2460 3317 2591 3382 259

448 3420 560 3511 (cf.
595 3417 870 3504 Quintil.
903 3418 1090 3484 Decl.
1122 3417 1230 3483 Vl.
1268 3417 1351 3481 10
1395 3440 1460 3504 p.
1500 3416 1661 3482 137:
1710 3439 1883 3504 aqua
1924 3423 2308 3508 restinguit
2350 3425 2590 3508 ignem.

446 3529 634 3594 Leid.
682 3550 812 3592 sec.
861 3525 1262 3614 extinguit),
1307 3545 1439 3588 non
1487 3525 1919 3610 restingui:
1986 3535 2052 3592 at
2098 3526 2225 3592 alio
2274 3539 2591 3615 spectant,

450 3637 562 3723 qui
604 3633 1103 3700 inflammata
1131 3629 1424 3696 membra
1452 3627 1807 3716 loquuntur
1836 3630 2032 3720 (Plin.
2066 3633 2149 3698 N.
2180 3633 2267 3698 H.
2300 3634 2593 3700 XXVlll.
2642 3656 2652 3664 ·

456 3743 558 3824 16,
591 3742 678 3806 62
720 3763 785 3827 p.
817 3737 978 3826 319)
1027 3746 1092 3802 et
1135 3735 1865 3802 inflammationem
1910 3737 2129 3827 (cujus
2174 3727 2598 3832 „notaev'sunt

452 3856 733 3936 quatuor
791 3845 996 3910 rubor
1057 3852 1123 3908 et
1176 3852 1451 3908 tumor·
1497 3864 1645 3906 cum
1708 3841 1923 3908 calore
1981 3855 2047 3908 et
2104 3844 2374 3910 dolore“
2422 3845 2594 3913 Cels.

450 3953 542 4019 lll.
595 3954 678 4018 10
731 3976 796 4041 p.
850 3951 997 4034 139,
1049 3949 1185 4038 13),
1242 3958 1316 4014 ut
1376 3948 1711 4022 oculorum
1767 3948 1960 4025 (Plin.
2004 3950 2190 4016 XXI.
2243 3952 2345 4034 19,
2396 3953 2479 4017 76
2532 3976 2597 4041 Ρ.

451 4061 605 4125 401.
653 4060 761 4143 20,
811 4058 898 4124 80
953 4081 1018 4145 Ρ.
1065 4056 1222 4121 403.
1292 4054 1464 4122 Cels.
1515 4055 1621 4121 Vl.
1671 4057 1733 4137 6,
1790 4057 1873 4120 39
1936 4079 2000 4142 p.
2048 4057 2199 4140 369,
2248 4056 2387 4147 33),
2450 4056 2598 4142 alic,

454 4168 565 4254 qui
627 4174 938 4248 „aestum
995 4162 1458 4228 ardentium
1515 4163 1973 4228 viscerum“
2036 4162 2218 4252 (Sen.
2268 4163 2465 4230 Cons.
2514 4165 2601 4230 ad

453 4271 646 4339 Helv.
700 4270 834 4360 11),
883 4269 1254 4336 ardentia
1297 4267 1454 4334 ilia
1500 4267 1739 4356 (Sinid.
1770 4291 1914 4356 cap.
1954 4269 2067 4335 lX.
2101 4270 2143 4334 3
2189 4291 2255 4356 p.
2289 4271 2417 4335 203
2442 4292 2545 4357 sq.
2552 4269 2703 4358 ),

3018 4281 3032 4309 ι
3087 4264 3129 4303 *n

2718 4348 2723 4356 .
2750 4333 2767 4360 ι
2960 4307 3047 4344 Ᾰ“”

2732 4367 2746 4375 .-

2779 4394 2831 4434 κζ·
3121 4336 3141 4437 Ι

2874 4409 2900 4450 5⁴

2820 4479 2829 4488 2
2848 4435 2929 4487 ’π’-ν

2822 4507 2857 4530 »0'
2889 4511 2907 4536 l,
3025 4505 3037 4510 ’

3006 4549 3008 4551 ¹
3058 4568 3071 4581 Q

455 4400 670 4466 neque
699 4378 860 4444 istos
875 4374 1414 4464 lexicographos‚
1455 4396 1621 4463 quos
1664 4396 1802 4440 non
1846 4377 2215 4440 nominatos
2259 4383 2685 4490 tantoperoffs3
2657 4371 2659 4374 ’

2739 4228 2871 4326 'ff-²31.

2828 4343 3002 4431 &fx
